%YAML 1.1
%TAG !u! tag:unity3d.com,2011:
--- !u!1 &9114473908006275658
GameObject:
  m_ObjectHideFlags: 0
  m_CorrespondingSourceObject: {fileID: 0}
  m_PrefabInstance: {fileID: 0}
  m_PrefabAsset: {fileID: 0}
  serializedVersion: 6
  m_Component:
  - component: {fileID: 9114473908006275657}
  - component: {fileID: 9114473908006275656}
  - component: {fileID: 9114473908006275663}
  - component: {fileID: 3135678908354587239}
  m_Layer: 0
  m_Name: Graphic
  m_TagString: Untagged
  m_Icon: {fileID: 0}
  m_NavMeshLayer: 0
  m_StaticEditorFlags: 0
  m_IsActive: 1
--- !u!4 &9114473908006275657
Transform:
  m_ObjectHideFlags: 0
  m_CorrespondingSourceObject: {fileID: 0}
  m_PrefabInstance: {fileID: 0}
  m_PrefabAsset: {fileID: 0}
  m_GameObject: {fileID: 9114473908006275658}
  m_LocalRotation: {x: -0, y: -0, z: -0, w: 1}
  m_LocalPosition: {x: 0, y: 0, z: 0}
  m_LocalScale: {x: 1, y: 1, z: 1}
  m_ConstrainProportionsScale: 0
  m_Children: []
  m_Father: {fileID: 9114473908672094173}
  m_RootOrder: 0
  m_LocalEulerAnglesHint: {x: 0, y: 0, z: 0}
--- !u!212 &9114473908006275656
SpriteRenderer:
  m_ObjectHideFlags: 0
  m_CorrespondingSourceObject: {fileID: 0}
  m_PrefabInstance: {fileID: 0}
  m_PrefabAsset: {fileID: 0}
  m_GameObject: {fileID: 9114473908006275658}
  m_Enabled: 1
  m_CastShadows: 0
  m_ReceiveShadows: 0
  m_DynamicOccludee: 1
  m_StaticShadowCaster: 0
  m_MotionVectors: 1
  m_LightProbeUsage: 1
  m_ReflectionProbeUsage: 1
  m_RayTracingMode: 0
  m_RayTraceProcedural: 0
  m_RenderingLayerMask: 1
  m_RendererPriority: 0
  m_Materials:
  - {fileID: 2100000, guid: a97c105638bdf8b4a8650670310a4cd3, type: 2}
  m_StaticBatchInfo:
    firstSubMesh: 0
    subMeshCount: 0
  m_StaticBatchRoot: {fileID: 0}
  m_ProbeAnchor: {fileID: 0}
  m_LightProbeVolumeOverride: {fileID: 0}
  m_ScaleInLightmap: 1
  m_ReceiveGI: 1
  m_PreserveUVs: 0
  m_IgnoreNormalsForChartDetection: 0
  m_ImportantGI: 0
  m_StitchLightmapSeams: 1
  m_SelectedEditorRenderState: 0
  m_MinimumChartSize: 4
  m_AutoUVMaxDistance: 0.5
  m_AutoUVMaxAngle: 89
  m_LightmapParameters: {fileID: 0}
  m_SortingLayerID: 0
  m_SortingLayer: 0
  m_SortingOrder: 0
  m_Sprite: {fileID: -20328471, guid: 062edbba6769dce49bb88ca15a816378, type: 3}
  m_Color: {r: 1, g: 1, b: 1, a: 1}
  m_FlipX: 0
  m_FlipY: 0
  m_DrawMode: 0
  m_Size: {x: 2, y: 2}
  m_AdaptiveModeThreshold: 0.5
  m_SpriteTileMode: 0
  m_WasSpriteAssigned: 1
  m_MaskInteraction: 0
  m_SpriteSortPoint: 0
--- !u!95 &9114473908006275663
Animator:
  serializedVersion: 4
  m_ObjectHideFlags: 0
  m_CorrespondingSourceObject: {fileID: 0}
  m_PrefabInstance: {fileID: 0}
  m_PrefabAsset: {fileID: 0}
  m_GameObject: {fileID: 9114473908006275658}
  m_Enabled: 1
  m_Avatar: {fileID: 0}
  m_Controller: {fileID: 9100000, guid: 4db524cb262eda546a2fbbab90422615, type: 2}
  m_CullingMode: 0
  m_UpdateMode: 0
  m_ApplyRootMotion: 0
  m_LinearVelocityBlending: 0
  m_StabilizeFeet: 0
  m_WarningMessage: 
  m_HasTransformHierarchy: 1
  m_AllowConstantClipSamplingOptimization: 1
  m_KeepAnimatorControllerStateOnDisable: 0
--- !u!114 &3135678908354587239
MonoBehaviour:
  m_ObjectHideFlags: 0
  m_CorrespondingSourceObject: {fileID: 0}
  m_PrefabInstance: {fileID: 0}
  m_PrefabAsset: {fileID: 0}
  m_GameObject: {fileID: 9114473908006275658}
  m_Enabled: 1
  m_EditorHideFlags: 0
  m_Script: {fileID: 11500000, guid: 08bf53dd707546f489e7f941ea61460b, type: 3}
  m_Name: 
  m_EditorClassIdentifier: 
  useSpriteRenderer: 1
  useParticleSystem: 0
  baseDepth: 0
  isGetParent: 0
  hasEquipment: 0
  baseDepthForEquipment: 1
--- !u!1 &9114473908672094174
GameObject:
  m_ObjectHideFlags: 0
  m_CorrespondingSourceObject: {fileID: 0}
  m_PrefabInstance: {fileID: 0}
  m_PrefabAsset: {fileID: 0}
  serializedVersion: 6
  m_Component:
  - component: {fileID: 9114473908672094173}
  - component: {fileID: 9114473908672094172}
  - component: {fileID: 9114473908672094178}
  - component: {fileID: 9114473908672094179}
  - component: {fileID: 9114473908672094177}
  m_Layer: 7
  m_Name: BigSlime
  m_TagString: Enemy
  m_Icon: {fileID: 0}
  m_NavMeshLayer: 0
  m_StaticEditorFlags: 0
  m_IsActive: 1
--- !u!4 &9114473908672094173
Transform:
  m_ObjectHideFlags: 0
  m_CorrespondingSourceObject: {fileID: 0}
  m_PrefabInstance: {fileID: 0}
  m_PrefabAsset: {fileID: 0}
  m_GameObject: {fileID: 9114473908672094174}
  m_LocalRotation: {x: 0, y: 0, z: 0, w: 1}
  m_LocalPosition: {x: 4.83, y: 0.52, z: 0}
  m_LocalScale: {x: 1, y: 1, z: 1}
  m_ConstrainProportionsScale: 0
  m_Children:
  - {fileID: 9114473908006275657}
  - {fileID: 9114473909489466282}
  - {fileID: 7897352513177468811}
  - {fileID: 3103657017470217444}
  - {fileID: 3244316644658348186}
  - {fileID: 6290402337332327968}
  - {fileID: 3880550644479126930}
  - {fileID: 1711785018057631252}
  - {fileID: 1711785019185891059}
  - {fileID: 1711785017873869041}
  m_Father: {fileID: 0}
  m_RootOrder: 0
  m_LocalEulerAnglesHint: {x: 0, y: 0, z: 0}
--- !u!114 &9114473908672094172
MonoBehaviour:
  m_ObjectHideFlags: 0
  m_CorrespondingSourceObject: {fileID: 0}
  m_PrefabInstance: {fileID: 0}
  m_PrefabAsset: {fileID: 0}
  m_GameObject: {fileID: 9114473908672094174}
  m_Enabled: 1
  m_EditorHideFlags: 0
  m_Script: {fileID: 11500000, guid: e96d70615cab4954287266991a75410f, type: 3}
  m_Name: 
  m_EditorClassIdentifier: 
  anim: {fileID: 9114473908006275663}
  rb: {fileID: 9114473908672094178}
  ID: 
  spellType: 0
  spriteRendererList:
  - {fileID: 9114473908006275656}
  sleepEffect: {fileID: 3103657017470217451}
  dizzyCircle: {fileID: 3244316644658348187}
  slowEffect: {fileID: 476389511473766935}
  freezeEffect: {fileID: 8243471379930324049}
  poisonEffect: {fileID: 7039018628217794399}
  disappearEffect: {fileID: 7181085527148384238, guid: eda8ecfe3dbde4244b98d1cde2c7ceba, type: 3}
  spe: 1
  atk: 14
  def: 5
  maxHp: 12
  hp: 12
  maxStamina: 0
  stamina: 0
  initSpe: 1
  coinDrop: 0
  coinPreFab: {fileID: 2379549075394999571, guid: b8e177d15463cbc458343e7323af19c6, type: 3}
  commonItemDrop: []
  rareItemDrop: []
  epicItemDrop: []
  noEffectLayer:
    serializedVersion: 2
    m_Bits: 0
  superEffectLayer:
    serializedVersion: 2
    m_Bits: 0
  isNotMoveAway: 0
  isCanMove: 0
  isCanAttack: 0
  isVisible: 0
  damageTextPopup: {fileID: 404638945402566943, guid: eb855fd1efb581c408df1d871cb6a8a3, type: 3}
  slimes:
  - {fileID: 1711785018057631256}
  - {fileID: 1711785019185891071}
  - {fileID: 1711785017873869053}
--- !u!50 &9114473908672094178
Rigidbody2D:
  serializedVersion: 4
  m_ObjectHideFlags: 0
  m_CorrespondingSourceObject: {fileID: 0}
  m_PrefabInstance: {fileID: 0}
  m_PrefabAsset: {fileID: 0}
  m_GameObject: {fileID: 9114473908672094174}
  m_BodyType: 0
  m_Simulated: 1
  m_UseFullKinematicContacts: 0
  m_UseAutoMass: 0
  m_Mass: 1
  m_LinearDrag: 5
  m_AngularDrag: 0.05
  m_GravityScale: 0
  m_Material: {fileID: 0}
  m_Interpolate: 0
  m_SleepingMode: 1
  m_CollisionDetection: 0
  m_Constraints: 4
--- !u!61 &9114473908672094179
BoxCollider2D:
  m_ObjectHideFlags: 0
  m_CorrespondingSourceObject: {fileID: 0}
  m_PrefabInstance: {fileID: 0}
  m_PrefabAsset: {fileID: 0}
  m_GameObject: {fileID: 9114473908672094174}
  m_Enabled: 1
  m_Density: 1
  m_Material: {fileID: 0}
  m_IsTrigger: 0
  m_UsedByEffector: 0
  m_UsedByComposite: 0
  m_Offset: {x: -0.03547454, y: 0.28950387}
  m_SpriteTilingProperty:
    border: {x: 0, y: 0, z: 0, w: 0}
    pivot: {x: 0, y: 0}
    oldSize: {x: 0, y: 0}
    newSize: {x: 0, y: 0}
    adaptiveTilingThreshold: 0
    drawMode: 0
    adaptiveTiling: 0
  m_AutoTiling: 0
  serializedVersion: 2
  m_Size: {x: 1.5218112, y: 0.81450284}
  m_EdgeRadius: 0
--- !u!114 &9114473908672094177
MonoBehaviour:
  m_ObjectHideFlags: 0
  m_CorrespondingSourceObject: {fileID: 0}
  m_PrefabInstance: {fileID: 0}
  m_PrefabAsset: {fileID: 0}
  m_GameObject: {fileID: 9114473908672094174}
  m_Enabled: 1
  m_EditorHideFlags: 0
  m_Script: {fileID: 11500000, guid: f5a691649ce3c4d428d7514755180ba0, type: 3}
  m_Name: 
  m_EditorClassIdentifier: 
  enemy: {fileID: 9114473908672094172}
  moveTime: 0.5
  waitTime: 0.5
  minDistanceDetectPlayer: 0
  maxDistanceDetectPlayer: 10
  canFlip: 1
  slimeCanMove: 1
  delayTime: 0
--- !u!1 &9114473909489466283
GameObject:
  m_ObjectHideFlags: 0
  m_CorrespondingSourceObject: {fileID: 0}
  m_PrefabInstance: {fileID: 0}
  m_PrefabAsset: {fileID: 0}
  serializedVersion: 6
  m_Component:
  - component: {fileID: 9114473909489466282}
  - component: {fileID: 9114473909489466281}
  m_Layer: 0
  m_Name: Shadow
  m_TagString: Untagged
  m_Icon: {fileID: 0}
  m_NavMeshLayer: 0
  m_StaticEditorFlags: 0
  m_IsActive: 1
--- !u!4 &9114473909489466282
Transform:
  m_ObjectHideFlags: 0
  m_CorrespondingSourceObject: {fileID: 0}
  m_PrefabInstance: {fileID: 0}
  m_PrefabAsset: {fileID: 0}
  m_GameObject: {fileID: 9114473909489466283}
  m_LocalRotation: {x: -0, y: -0, z: -0, w: 1}
  m_LocalPosition: {x: 0, y: 0, z: 0}
  m_LocalScale: {x: 2, y: 0.5, z: 1}
  m_ConstrainProportionsScale: 0
  m_Children: []
  m_Father: {fileID: 9114473908672094173}
  m_RootOrder: 1
  m_LocalEulerAnglesHint: {x: 0, y: 0, z: 0}
--- !u!212 &9114473909489466281
SpriteRenderer:
  m_ObjectHideFlags: 0
  m_CorrespondingSourceObject: {fileID: 0}
  m_PrefabInstance: {fileID: 0}
  m_PrefabAsset: {fileID: 0}
  m_GameObject: {fileID: 9114473909489466283}
  m_Enabled: 1
  m_CastShadows: 0
  m_ReceiveShadows: 0
  m_DynamicOccludee: 1
  m_StaticShadowCaster: 0
  m_MotionVectors: 1
  m_LightProbeUsage: 1
  m_ReflectionProbeUsage: 1
  m_RayTracingMode: 0
  m_RayTraceProcedural: 0
  m_RenderingLayerMask: 1
  m_RendererPriority: 0
  m_Materials:
  - {fileID: 2100000, guid: a97c105638bdf8b4a8650670310a4cd3, type: 2}
  m_StaticBatchInfo:
    firstSubMesh: 0
    subMeshCount: 0
  m_StaticBatchRoot: {fileID: 0}
  m_ProbeAnchor: {fileID: 0}
  m_LightProbeVolumeOverride: {fileID: 0}
  m_ScaleInLightmap: 1
  m_ReceiveGI: 1
  m_PreserveUVs: 0
  m_IgnoreNormalsForChartDetection: 0
  m_ImportantGI: 0
  m_StitchLightmapSeams: 1
  m_SelectedEditorRenderState: 0
  m_MinimumChartSize: 4
  m_AutoUVMaxDistance: 0.5
  m_AutoUVMaxAngle: 89
  m_LightmapParameters: {fileID: 0}
  m_SortingLayerID: -1010537361
  m_SortingLayer: -2
  m_SortingOrder: -10
  m_Sprite: {fileID: -2413806693520163455, guid: a86470a33a6bf42c4b3595704624658b, type: 3}
  m_Color: {r: 0, g: 0, b: 0, a: 0.19607843}
  m_FlipX: 0
  m_FlipY: 0
  m_DrawMode: 0
  m_Size: {x: 1, y: 1}
  m_AdaptiveModeThreshold: 0.5
  m_SpriteTileMode: 0
  m_WasSpriteAssigned: 1
  m_MaskInteraction: 0
  m_SpriteSortPoint: 0
--- !u!1001 &9114473907733128964
PrefabInstance:
  m_ObjectHideFlags: 0
  serializedVersion: 2
  m_Modification:
    m_TransformParent: {fileID: 9114473908672094173}
    m_Modifications:
    - target: {fileID: 7619077769024688117, guid: cd32544c47387d14e8eae3f3883744ec, type: 3}
      propertyPath: m_RootOrder
      value: 9
      objectReference: {fileID: 0}
    - target: {fileID: 7619077769024688117, guid: cd32544c47387d14e8eae3f3883744ec, type: 3}
      propertyPath: m_LocalPosition.x
      value: -0.25
      objectReference: {fileID: 0}
    - target: {fileID: 7619077769024688117, guid: cd32544c47387d14e8eae3f3883744ec, type: 3}
      propertyPath: m_LocalPosition.y
      value: 0.82
      objectReference: {fileID: 0}
    - target: {fileID: 7619077769024688117, guid: cd32544c47387d14e8eae3f3883744ec, type: 3}
      propertyPath: m_LocalPosition.z
      value: 0
      objectReference: {fileID: 0}
    - target: {fileID: 7619077769024688117, guid: cd32544c47387d14e8eae3f3883744ec, type: 3}
      propertyPath: m_LocalRotation.w
      value: 1
      objectReference: {fileID: 0}
    - target: {fileID: 7619077769024688117, guid: cd32544c47387d14e8eae3f3883744ec, type: 3}
      propertyPath: m_LocalRotation.x
      value: -0
      objectReference: {fileID: 0}
    - target: {fileID: 7619077769024688117, guid: cd32544c47387d14e8eae3f3883744ec, type: 3}
      propertyPath: m_LocalRotation.y
      value: -0
      objectReference: {fileID: 0}
    - target: {fileID: 7619077769024688117, guid: cd32544c47387d14e8eae3f3883744ec, type: 3}
      propertyPath: m_LocalRotation.z
      value: -0
      objectReference: {fileID: 0}
    - target: {fileID: 7619077769024688117, guid: cd32544c47387d14e8eae3f3883744ec, type: 3}
      propertyPath: m_LocalEulerAnglesHint.x
      value: 0
      objectReference: {fileID: 0}
    - target: {fileID: 7619077769024688117, guid: cd32544c47387d14e8eae3f3883744ec, type: 3}
      propertyPath: m_LocalEulerAnglesHint.y
      value: 0
      objectReference: {fileID: 0}
    - target: {fileID: 7619077769024688117, guid: cd32544c47387d14e8eae3f3883744ec, type: 3}
      propertyPath: m_LocalEulerAnglesHint.z
      value: 0
      objectReference: {fileID: 0}
    - target: {fileID: 7619077769024688120, guid: cd32544c47387d14e8eae3f3883744ec, type: 3}
      propertyPath: m_Name
      value: Slime (2)
      objectReference: {fileID: 0}
    - target: {fileID: 7619077769024688120, guid: cd32544c47387d14e8eae3f3883744ec, type: 3}
      propertyPath: m_IsActive
      value: 0
      objectReference: {fileID: 0}
    m_RemovedComponents: []
  m_SourcePrefab: {fileID: 100100000, guid: cd32544c47387d14e8eae3f3883744ec, type: 3}
--- !u!4 &1711785017873869041 stripped
Transform:
  m_CorrespondingSourceObject: {fileID: 7619077769024688117, guid: cd32544c47387d14e8eae3f3883744ec, type: 3}
  m_PrefabInstance: {fileID: 9114473907733128964}
  m_PrefabAsset: {fileID: 0}
--- !u!114 &1711785017873869053 stripped
MonoBehaviour:
  m_CorrespondingSourceObject: {fileID: 7619077769024688121, guid: cd32544c47387d14e8eae3f3883744ec, type: 3}
  m_PrefabInstance: {fileID: 9114473907733128964}
  m_PrefabAsset: {fileID: 0}
  m_GameObject: {fileID: 0}
  m_Enabled: 1
  m_EditorHideFlags: 0
  m_Script: {fileID: 11500000, guid: f5a691649ce3c4d428d7514755180ba0, type: 3}
  m_Name: 
  m_EditorClassIdentifier: 
--- !u!1001 &9114473907982952929
PrefabInstance:
  m_ObjectHideFlags: 0
  serializedVersion: 2
  m_Modification:
    m_TransformParent: {fileID: 9114473908672094173}
    m_Modifications:
    - target: {fileID: 7619077769024688117, guid: cd32544c47387d14e8eae3f3883744ec, type: 3}
      propertyPath: m_RootOrder
      value: 7
      objectReference: {fileID: 0}
    - target: {fileID: 7619077769024688117, guid: cd32544c47387d14e8eae3f3883744ec, type: 3}
      propertyPath: m_LocalPosition.x
      value: -0.36
      objectReference: {fileID: 0}
    - target: {fileID: 7619077769024688117, guid: cd32544c47387d14e8eae3f3883744ec, type: 3}
      propertyPath: m_LocalPosition.y
      value: -0.17
      objectReference: {fileID: 0}
    - target: {fileID: 7619077769024688117, guid: cd32544c47387d14e8eae3f3883744ec, type: 3}
      propertyPath: m_LocalPosition.z
      value: 0
      objectReference: {fileID: 0}
    - target: {fileID: 7619077769024688117, guid: cd32544c47387d14e8eae3f3883744ec, type: 3}
      propertyPath: m_LocalRotation.w
      value: 1
      objectReference: {fileID: 0}
    - target: {fileID: 7619077769024688117, guid: cd32544c47387d14e8eae3f3883744ec, type: 3}
      propertyPath: m_LocalRotation.x
      value: -0
      objectReference: {fileID: 0}
    - target: {fileID: 7619077769024688117, guid: cd32544c47387d14e8eae3f3883744ec, type: 3}
      propertyPath: m_LocalRotation.y
      value: -0
      objectReference: {fileID: 0}
    - target: {fileID: 7619077769024688117, guid: cd32544c47387d14e8eae3f3883744ec, type: 3}
      propertyPath: m_LocalRotation.z
      value: -0
      objectReference: {fileID: 0}
    - target: {fileID: 7619077769024688117, guid: cd32544c47387d14e8eae3f3883744ec, type: 3}
      propertyPath: m_LocalEulerAnglesHint.x
      value: 0
      objectReference: {fileID: 0}
    - target: {fileID: 7619077769024688117, guid: cd32544c47387d14e8eae3f3883744ec, type: 3}
      propertyPath: m_LocalEulerAnglesHint.y
      value: 0
      objectReference: {fileID: 0}
    - target: {fileID: 7619077769024688117, guid: cd32544c47387d14e8eae3f3883744ec, type: 3}
      propertyPath: m_LocalEulerAnglesHint.z
      value: 0
      objectReference: {fileID: 0}
    - target: {fileID: 7619077769024688120, guid: cd32544c47387d14e8eae3f3883744ec, type: 3}
      propertyPath: m_Name
      value: Slime
      objectReference: {fileID: 0}
    - target: {fileID: 7619077769024688120, guid: cd32544c47387d14e8eae3f3883744ec, type: 3}
      propertyPath: m_IsActive
      value: 0
      objectReference: {fileID: 0}
    m_RemovedComponents: []
  m_SourcePrefab: {fileID: 100100000, guid: cd32544c47387d14e8eae3f3883744ec, type: 3}
--- !u!4 &1711785018057631252 stripped
Transform:
  m_CorrespondingSourceObject: {fileID: 7619077769024688117, guid: cd32544c47387d14e8eae3f3883744ec, type: 3}
  m_PrefabInstance: {fileID: 9114473907982952929}
  m_PrefabAsset: {fileID: 0}
--- !u!114 &1711785018057631256 stripped
MonoBehaviour:
  m_CorrespondingSourceObject: {fileID: 7619077769024688121, guid: cd32544c47387d14e8eae3f3883744ec, type: 3}
  m_PrefabInstance: {fileID: 9114473907982952929}
  m_PrefabAsset: {fileID: 0}
  m_GameObject: {fileID: 0}
  m_Enabled: 1
  m_EditorHideFlags: 0
  m_Script: {fileID: 11500000, guid: f5a691649ce3c4d428d7514755180ba0, type: 3}
  m_Name: 
  m_EditorClassIdentifier: 
--- !u!1001 &9114473908102813020
PrefabInstance:
  m_ObjectHideFlags: 0
  serializedVersion: 2
  m_Modification:
    m_TransformParent: {fileID: 9114473908672094173}
    m_Modifications:
    - target: {fileID: 6156273526144580023, guid: 8ef5131fc4cf8fb4ba75d61fc1b6c7d6, type: 3}
      propertyPath: m_Name
      value: SleepEffect
      objectReference: {fileID: 0}
    - target: {fileID: 6156273526144580023, guid: 8ef5131fc4cf8fb4ba75d61fc1b6c7d6, type: 3}
      propertyPath: m_IsActive
      value: 0
      objectReference: {fileID: 0}
    - target: {fileID: 6156273526144580024, guid: 8ef5131fc4cf8fb4ba75d61fc1b6c7d6, type: 3}
      propertyPath: m_RootOrder
      value: 3
      objectReference: {fileID: 0}
    - target: {fileID: 6156273526144580024, guid: 8ef5131fc4cf8fb4ba75d61fc1b6c7d6, type: 3}
      propertyPath: m_LocalPosition.x
      value: 0
      objectReference: {fileID: 0}
    - target: {fileID: 6156273526144580024, guid: 8ef5131fc4cf8fb4ba75d61fc1b6c7d6, type: 3}
      propertyPath: m_LocalPosition.y
      value: 1.49
      objectReference: {fileID: 0}
    - target: {fileID: 6156273526144580024, guid: 8ef5131fc4cf8fb4ba75d61fc1b6c7d6, type: 3}
      propertyPath: m_LocalPosition.z
      value: 0
      objectReference: {fileID: 0}
    - target: {fileID: 6156273526144580024, guid: 8ef5131fc4cf8fb4ba75d61fc1b6c7d6, type: 3}
      propertyPath: m_LocalRotation.w
      value: 1
      objectReference: {fileID: 0}
    - target: {fileID: 6156273526144580024, guid: 8ef5131fc4cf8fb4ba75d61fc1b6c7d6, type: 3}
      propertyPath: m_LocalRotation.x
      value: -0
      objectReference: {fileID: 0}
    - target: {fileID: 6156273526144580024, guid: 8ef5131fc4cf8fb4ba75d61fc1b6c7d6, type: 3}
      propertyPath: m_LocalRotation.y
      value: -0
      objectReference: {fileID: 0}
    - target: {fileID: 6156273526144580024, guid: 8ef5131fc4cf8fb4ba75d61fc1b6c7d6, type: 3}
      propertyPath: m_LocalRotation.z
      value: -0
      objectReference: {fileID: 0}
    - target: {fileID: 6156273526144580024, guid: 8ef5131fc4cf8fb4ba75d61fc1b6c7d6, type: 3}
      propertyPath: m_LocalEulerAnglesHint.x
      value: 0
      objectReference: {fileID: 0}
    - target: {fileID: 6156273526144580024, guid: 8ef5131fc4cf8fb4ba75d61fc1b6c7d6, type: 3}
      propertyPath: m_LocalEulerAnglesHint.y
      value: 0
      objectReference: {fileID: 0}
    - target: {fileID: 6156273526144580024, guid: 8ef5131fc4cf8fb4ba75d61fc1b6c7d6, type: 3}
      propertyPath: m_LocalEulerAnglesHint.z
      value: 0
      objectReference: {fileID: 0}
    m_RemovedComponents: []
  m_SourcePrefab: {fileID: 100100000, guid: 8ef5131fc4cf8fb4ba75d61fc1b6c7d6, type: 3}
--- !u!4 &3103657017470217444 stripped
Transform:
  m_CorrespondingSourceObject: {fileID: 6156273526144580024, guid: 8ef5131fc4cf8fb4ba75d61fc1b6c7d6, type: 3}
  m_PrefabInstance: {fileID: 9114473908102813020}
  m_PrefabAsset: {fileID: 0}
--- !u!1 &3103657017470217451 stripped
GameObject:
  m_CorrespondingSourceObject: {fileID: 6156273526144580023, guid: 8ef5131fc4cf8fb4ba75d61fc1b6c7d6, type: 3}
  m_PrefabInstance: {fileID: 9114473908102813020}
  m_PrefabAsset: {fileID: 0}
--- !u!1001 &9114473908807135147
PrefabInstance:
  m_ObjectHideFlags: 0
  serializedVersion: 2
  m_Modification:
    m_TransformParent: {fileID: 9114473908672094173}
    m_Modifications:
    - target: {fileID: 2293039879866843380, guid: 2eb5bce0da386ad418042569087c9966, type: 3}
      propertyPath: m_Name
      value: PoisonEffect
      objectReference: {fileID: 0}
    - target: {fileID: 2293039879866843380, guid: 2eb5bce0da386ad418042569087c9966, type: 3}
      propertyPath: m_IsActive
      value: 0
      objectReference: {fileID: 0}
    - target: {fileID: 5451433602608038457, guid: 2eb5bce0da386ad418042569087c9966, type: 3}
      propertyPath: m_RootOrder
      value: 6
      objectReference: {fileID: 0}
    - target: {fileID: 5451433602608038457, guid: 2eb5bce0da386ad418042569087c9966, type: 3}
      propertyPath: m_LocalScale.x
      value: 1.2
      objectReference: {fileID: 0}
    - target: {fileID: 5451433602608038457, guid: 2eb5bce0da386ad418042569087c9966, type: 3}
      propertyPath: m_LocalScale.y
      value: 1.2
      objectReference: {fileID: 0}
    - target: {fileID: 5451433602608038457, guid: 2eb5bce0da386ad418042569087c9966, type: 3}
      propertyPath: m_LocalPosition.x
      value: -0.02
      objectReference: {fileID: 0}
    - target: {fileID: 5451433602608038457, guid: 2eb5bce0da386ad418042569087c9966, type: 3}
      propertyPath: m_LocalPosition.y
      value: 1.19
      objectReference: {fileID: 0}
    - target: {fileID: 5451433602608038457, guid: 2eb5bce0da386ad418042569087c9966, type: 3}
      propertyPath: m_LocalPosition.z
      value: 0
      objectReference: {fileID: 0}
    - target: {fileID: 5451433602608038457, guid: 2eb5bce0da386ad418042569087c9966, type: 3}
      propertyPath: m_LocalRotation.w
      value: 1
      objectReference: {fileID: 0}
    - target: {fileID: 5451433602608038457, guid: 2eb5bce0da386ad418042569087c9966, type: 3}
      propertyPath: m_LocalRotation.x
      value: -0
      objectReference: {fileID: 0}
    - target: {fileID: 5451433602608038457, guid: 2eb5bce0da386ad418042569087c9966, type: 3}
      propertyPath: m_LocalRotation.y
      value: -0
      objectReference: {fileID: 0}
    - target: {fileID: 5451433602608038457, guid: 2eb5bce0da386ad418042569087c9966, type: 3}
      propertyPath: m_LocalRotation.z
      value: -0
      objectReference: {fileID: 0}
    - target: {fileID: 5451433602608038457, guid: 2eb5bce0da386ad418042569087c9966, type: 3}
      propertyPath: m_LocalEulerAnglesHint.x
      value: 0
      objectReference: {fileID: 0}
    - target: {fileID: 5451433602608038457, guid: 2eb5bce0da386ad418042569087c9966, type: 3}
      propertyPath: m_LocalEulerAnglesHint.y
      value: 0
      objectReference: {fileID: 0}
    - target: {fileID: 5451433602608038457, guid: 2eb5bce0da386ad418042569087c9966, type: 3}
      propertyPath: m_LocalEulerAnglesHint.z
      value: 0
      objectReference: {fileID: 0}
    m_RemovedComponents: []
  m_SourcePrefab: {fileID: 100100000, guid: 2eb5bce0da386ad418042569087c9966, type: 3}
--- !u!4 &3880550644479126930 stripped
Transform:
  m_CorrespondingSourceObject: {fileID: 5451433602608038457, guid: 2eb5bce0da386ad418042569087c9966, type: 3}
  m_PrefabInstance: {fileID: 9114473908807135147}
  m_PrefabAsset: {fileID: 0}
--- !u!1 &7039018628217794399 stripped
GameObject:
  m_CorrespondingSourceObject: {fileID: 2293039879866843380, guid: 2eb5bce0da386ad418042569087c9966, type: 3}
  m_PrefabInstance: {fileID: 9114473908807135147}
  m_PrefabAsset: {fileID: 0}
--- !u!1001 &9114473909102823686
PrefabInstance:
  m_ObjectHideFlags: 0
  serializedVersion: 2
  m_Modification:
    m_TransformParent: {fileID: 9114473908672094173}
    m_Modifications:
    - target: {fileID: 7619077769024688117, guid: cd32544c47387d14e8eae3f3883744ec, type: 3}
      propertyPath: m_RootOrder
      value: 8
      objectReference: {fileID: 0}
    - target: {fileID: 7619077769024688117, guid: cd32544c47387d14e8eae3f3883744ec, type: 3}
      propertyPath: m_LocalPosition.x
      value: 0.54
      objectReference: {fileID: 0}
    - target: {fileID: 7619077769024688117, guid: cd32544c47387d14e8eae3f3883744ec, type: 3}
      propertyPath: m_LocalPosition.y
      value: 0.23
      objectReference: {fileID: 0}
    - target: {fileID: 7619077769024688117, guid: cd32544c47387d14e8eae3f3883744ec, type: 3}
      propertyPath: m_LocalPosition.z
      value: 0
      objectReference: {fileID: 0}
    - target: {fileID: 7619077769024688117, guid: cd32544c47387d14e8eae3f3883744ec, type: 3}
      propertyPath: m_LocalRotation.w
      value: 1
      objectReference: {fileID: 0}
    - target: {fileID: 7619077769024688117, guid: cd32544c47387d14e8eae3f3883744ec, type: 3}
      propertyPath: m_LocalRotation.x
      value: -0
      objectReference: {fileID: 0}
    - target: {fileID: 7619077769024688117, guid: cd32544c47387d14e8eae3f3883744ec, type: 3}
      propertyPath: m_LocalRotation.y
      value: -0
      objectReference: {fileID: 0}
    - target: {fileID: 7619077769024688117, guid: cd32544c47387d14e8eae3f3883744ec, type: 3}
      propertyPath: m_LocalRotation.z
      value: -0
      objectReference: {fileID: 0}
    - target: {fileID: 7619077769024688117, guid: cd32544c47387d14e8eae3f3883744ec, type: 3}
      propertyPath: m_LocalEulerAnglesHint.x
      value: 0
      objectReference: {fileID: 0}
    - target: {fileID: 7619077769024688117, guid: cd32544c47387d14e8eae3f3883744ec, type: 3}
      propertyPath: m_LocalEulerAnglesHint.y
      value: 0
      objectReference: {fileID: 0}
    - target: {fileID: 7619077769024688117, guid: cd32544c47387d14e8eae3f3883744ec, type: 3}
      propertyPath: m_LocalEulerAnglesHint.z
      value: 0
      objectReference: {fileID: 0}
    - target: {fileID: 7619077769024688120, guid: cd32544c47387d14e8eae3f3883744ec, type: 3}
      propertyPath: m_Name
      value: Slime (1)
      objectReference: {fileID: 0}
    - target: {fileID: 7619077769024688120, guid: cd32544c47387d14e8eae3f3883744ec, type: 3}
      propertyPath: m_IsActive
      value: 0
      objectReference: {fileID: 0}
    m_RemovedComponents: []
  m_SourcePrefab: {fileID: 100100000, guid: cd32544c47387d14e8eae3f3883744ec, type: 3}
--- !u!4 &1711785019185891059 stripped
Transform:
  m_CorrespondingSourceObject: {fileID: 7619077769024688117, guid: cd32544c47387d14e8eae3f3883744ec, type: 3}
  m_PrefabInstance: {fileID: 9114473909102823686}
  m_PrefabAsset: {fileID: 0}
--- !u!114 &1711785019185891071 stripped
MonoBehaviour:
  m_CorrespondingSourceObject: {fileID: 7619077769024688121, guid: cd32544c47387d14e8eae3f3883744ec, type: 3}
  m_PrefabInstance: {fileID: 9114473909102823686}
  m_PrefabAsset: {fileID: 0}
  m_GameObject: {fileID: 0}
  m_Enabled: 1
  m_EditorHideFlags: 0
  m_Script: {fileID: 11500000, guid: f5a691649ce3c4d428d7514755180ba0, type: 3}
  m_Name: 
  m_EditorClassIdentifier: 
--- !u!1001 &9114473909363678492
PrefabInstance:
  m_ObjectHideFlags: 0
  serializedVersion: 2
  m_Modification:
    m_TransformParent: {fileID: 9114473908672094173}
    m_Modifications:
    - target: {fileID: 1433294762878378647, guid: 5609b58276211724489d04d732c683ff, type: 3}
      propertyPath: m_RootOrder
      value: 2
      objectReference: {fileID: 0}
    - target: {fileID: 1433294762878378647, guid: 5609b58276211724489d04d732c683ff, type: 3}
      propertyPath: m_LocalScale.x
      value: 3
      objectReference: {fileID: 0}
    - target: {fileID: 1433294762878378647, guid: 5609b58276211724489d04d732c683ff, type: 3}
      propertyPath: m_LocalScale.y
      value: 1
      objectReference: {fileID: 0}
    - target: {fileID: 1433294762878378647, guid: 5609b58276211724489d04d732c683ff, type: 3}
      propertyPath: m_LocalPosition.x
      value: 0.04
      objectReference: {fileID: 0}
    - target: {fileID: 1433294762878378647, guid: 5609b58276211724489d04d732c683ff, type: 3}
      propertyPath: m_LocalPosition.y
      value: 0.29
      objectReference: {fileID: 0}
    - target: {fileID: 1433294762878378647, guid: 5609b58276211724489d04d732c683ff, type: 3}
      propertyPath: m_LocalPosition.z
      value: 0
      objectReference: {fileID: 0}
    - target: {fileID: 1433294762878378647, guid: 5609b58276211724489d04d732c683ff, type: 3}
      propertyPath: m_LocalRotation.w
      value: 1
      objectReference: {fileID: 0}
    - target: {fileID: 1433294762878378647, guid: 5609b58276211724489d04d732c683ff, type: 3}
      propertyPath: m_LocalRotation.x
      value: -0
      objectReference: {fileID: 0}
    - target: {fileID: 1433294762878378647, guid: 5609b58276211724489d04d732c683ff, type: 3}
      propertyPath: m_LocalRotation.y
      value: -0
      objectReference: {fileID: 0}
    - target: {fileID: 1433294762878378647, guid: 5609b58276211724489d04d732c683ff, type: 3}
      propertyPath: m_LocalRotation.z
      value: -0
      objectReference: {fileID: 0}
    - target: {fileID: 1433294762878378647, guid: 5609b58276211724489d04d732c683ff, type: 3}
      propertyPath: m_LocalEulerAnglesHint.x
      value: 0
      objectReference: {fileID: 0}
    - target: {fileID: 1433294762878378647, guid: 5609b58276211724489d04d732c683ff, type: 3}
      propertyPath: m_LocalEulerAnglesHint.y
      value: 0
      objectReference: {fileID: 0}
    - target: {fileID: 1433294762878378647, guid: 5609b58276211724489d04d732c683ff, type: 3}
      propertyPath: m_LocalEulerAnglesHint.z
      value: 0
      objectReference: {fileID: 0}
    - target: {fileID: 8710353133192986379, guid: 5609b58276211724489d04d732c683ff, type: 3}
      propertyPath: m_Name
      value: SlowEffect
      objectReference: {fileID: 0}
    - target: {fileID: 8710353133192986379, guid: 5609b58276211724489d04d732c683ff, type: 3}
      propertyPath: m_IsActive
      value: 0
      objectReference: {fileID: 0}
    m_RemovedComponents: []
  m_SourcePrefab: {fileID: 100100000, guid: 5609b58276211724489d04d732c683ff, type: 3}
--- !u!1 &476389511473766935 stripped
GameObject:
  m_CorrespondingSourceObject: {fileID: 8710353133192986379, guid: 5609b58276211724489d04d732c683ff, type: 3}
  m_PrefabInstance: {fileID: 9114473909363678492}
  m_PrefabAsset: {fileID: 0}
--- !u!4 &7897352513177468811 stripped
Transform:
  m_CorrespondingSourceObject: {fileID: 1433294762878378647, guid: 5609b58276211724489d04d732c683ff, type: 3}
  m_PrefabInstance: {fileID: 9114473909363678492}
  m_PrefabAsset: {fileID: 0}
--- !u!1001 &9114473909373133354
PrefabInstance:
  m_ObjectHideFlags: 0
  serializedVersion: 2
  m_Modification:
    m_TransformParent: {fileID: 9114473908672094173}
    m_Modifications:
    - target: {fileID: 872480282334789243, guid: 909fd9330a16d264fabf05009d33397f, type: 3}
      propertyPath: m_Name
      value: FreezeEffect
      objectReference: {fileID: 0}
    - target: {fileID: 872480282334789243, guid: 909fd9330a16d264fabf05009d33397f, type: 3}
      propertyPath: m_IsActive
      value: 0
      objectReference: {fileID: 0}
    - target: {fileID: 2969809648145306634, guid: 909fd9330a16d264fabf05009d33397f, type: 3}
      propertyPath: m_RootOrder
      value: 5
      objectReference: {fileID: 0}
    - target: {fileID: 2969809648145306634, guid: 909fd9330a16d264fabf05009d33397f, type: 3}
      propertyPath: m_LocalScale.x
      value: 2
      objectReference: {fileID: 0}
    - target: {fileID: 2969809648145306634, guid: 909fd9330a16d264fabf05009d33397f, type: 3}
      propertyPath: m_LocalScale.y
      value: 2
      objectReference: {fileID: 0}
    - target: {fileID: 2969809648145306634, guid: 909fd9330a16d264fabf05009d33397f, type: 3}
      propertyPath: m_LocalPosition.x
      value: 0
      objectReference: {fileID: 0}
    - target: {fileID: 2969809648145306634, guid: 909fd9330a16d264fabf05009d33397f, type: 3}
      propertyPath: m_LocalPosition.y
      value: 0
      objectReference: {fileID: 0}
    - target: {fileID: 2969809648145306634, guid: 909fd9330a16d264fabf05009d33397f, type: 3}
      propertyPath: m_LocalPosition.z
      value: 0
      objectReference: {fileID: 0}
    - target: {fileID: 2969809648145306634, guid: 909fd9330a16d264fabf05009d33397f, type: 3}
      propertyPath: m_LocalRotation.w
      value: 1
      objectReference: {fileID: 0}
    - target: {fileID: 2969809648145306634, guid: 909fd9330a16d264fabf05009d33397f, type: 3}
      propertyPath: m_LocalRotation.x
      value: -0
      objectReference: {fileID: 0}
    - target: {fileID: 2969809648145306634, guid: 909fd9330a16d264fabf05009d33397f, type: 3}
      propertyPath: m_LocalRotation.y
      value: -0
      objectReference: {fileID: 0}
    - target: {fileID: 2969809648145306634, guid: 909fd9330a16d264fabf05009d33397f, type: 3}
      propertyPath: m_LocalRotation.z
      value: -0
      objectReference: {fileID: 0}
    - target: {fileID: 2969809648145306634, guid: 909fd9330a16d264fabf05009d33397f, type: 3}
      propertyPath: m_LocalEulerAnglesHint.x
      value: 0
      objectReference: {fileID: 0}
    - target: {fileID: 2969809648145306634, guid: 909fd9330a16d264fabf05009d33397f, type: 3}
      propertyPath: m_LocalEulerAnglesHint.y
      value: 0
      objectReference: {fileID: 0}
    - target: {fileID: 2969809648145306634, guid: 909fd9330a16d264fabf05009d33397f, type: 3}
      propertyPath: m_LocalEulerAnglesHint.z
      value: 0
      objectReference: {fileID: 0}
    m_RemovedComponents: []
  m_SourcePrefab: {fileID: 100100000, guid: 909fd9330a16d264fabf05009d33397f, type: 3}
--- !u!4 &6290402337332327968 stripped
Transform:
  m_CorrespondingSourceObject: {fileID: 2969809648145306634, guid: 909fd9330a16d264fabf05009d33397f, type: 3}
  m_PrefabInstance: {fileID: 9114473909373133354}
  m_PrefabAsset: {fileID: 0}
--- !u!1 &8243471379930324049 stripped
GameObject:
  m_CorrespondingSourceObject: {fileID: 872480282334789243, guid: 909fd9330a16d264fabf05009d33397f, type: 3}
  m_PrefabInstance: {fileID: 9114473909373133354}
  m_PrefabAsset: {fileID: 0}
--- !u!1001 &9114473909419684155
PrefabInstance:
  m_ObjectHideFlags: 0
  serializedVersion: 2
  m_Modification:
    m_TransformParent: {fileID: 9114473908672094173}
    m_Modifications:
    - target: {fileID: 6015469306215215520, guid: 4f059b901ef31d444a66fb769e335faa, type: 3}
      propertyPath: m_Name
      value: DizzyCircle
      objectReference: {fileID: 0}
    - target: {fileID: 6015469306215215520, guid: 4f059b901ef31d444a66fb769e335faa, type: 3}
      propertyPath: m_IsActive
      value: 0
      objectReference: {fileID: 0}
    - target: {fileID: 6015469306215215521, guid: 4f059b901ef31d444a66fb769e335faa, type: 3}
      propertyPath: m_RootOrder
      value: 4
      objectReference: {fileID: 0}
    - target: {fileID: 6015469306215215521, guid: 4f059b901ef31d444a66fb769e335faa, type: 3}
      propertyPath: m_LocalPosition.x
      value: 0
      objectReference: {fileID: 0}
    - target: {fileID: 6015469306215215521, guid: 4f059b901ef31d444a66fb769e335faa, type: 3}
      propertyPath: m_LocalPosition.y
      value: 1.17
      objectReference: {fileID: 0}
    - target: {fileID: 6015469306215215521, guid: 4f059b901ef31d444a66fb769e335faa, type: 3}
      propertyPath: m_LocalPosition.z
      value: 0
      objectReference: {fileID: 0}
    - target: {fileID: 6015469306215215521, guid: 4f059b901ef31d444a66fb769e335faa, type: 3}
      propertyPath: m_LocalRotation.w
      value: 1
      objectReference: {fileID: 0}
    - target: {fileID: 6015469306215215521, guid: 4f059b901ef31d444a66fb769e335faa, type: 3}
      propertyPath: m_LocalRotation.x
      value: -0
      objectReference: {fileID: 0}
    - target: {fileID: 6015469306215215521, guid: 4f059b901ef31d444a66fb769e335faa, type: 3}
      propertyPath: m_LocalRotation.y
      value: -0
      objectReference: {fileID: 0}
    - target: {fileID: 6015469306215215521, guid: 4f059b901ef31d444a66fb769e335faa, type: 3}
      propertyPath: m_LocalRotation.z
      value: -0
      objectReference: {fileID: 0}
    - target: {fileID: 6015469306215215521, guid: 4f059b901ef31d444a66fb769e335faa, type: 3}
      propertyPath: m_LocalEulerAnglesHint.x
      value: 0
      objectReference: {fileID: 0}
    - target: {fileID: 6015469306215215521, guid: 4f059b901ef31d444a66fb769e335faa, type: 3}
      propertyPath: m_LocalEulerAnglesHint.y
      value: 0
      objectReference: {fileID: 0}
    - target: {fileID: 6015469306215215521, guid: 4f059b901ef31d444a66fb769e335faa, type: 3}
      propertyPath: m_LocalEulerAnglesHint.z
      value: 0
      objectReference: {fileID: 0}
    m_RemovedComponents: []
  m_SourcePrefab: {fileID: 100100000, guid: 4f059b901ef31d444a66fb769e335faa, type: 3}
--- !u!4 &3244316644658348186 stripped
Transform:
  m_CorrespondingSourceObject: {fileID: 6015469306215215521, guid: 4f059b901ef31d444a66fb769e335faa, type: 3}
  m_PrefabInstance: {fileID: 9114473909419684155}
  m_PrefabAsset: {fileID: 0}
--- !u!1 &3244316644658348187 stripped
GameObject:
  m_CorrespondingSourceObject: {fileID: 6015469306215215520, guid: 4f059b901ef31d444a66fb769e335faa, type: 3}
  m_PrefabInstance: {fileID: 9114473909419684155}
  m_PrefabAsset: {fileID: 0}
