%YAML 1.1
%TAG !u! tag:unity3d.com,2011:
--- !u!1 &488497346314349297
GameObject:
  m_ObjectHideFlags: 0
  m_CorrespondingSourceObject: {fileID: 0}
  m_PrefabInstance: {fileID: 0}
  m_PrefabAsset: {fileID: 0}
  serializedVersion: 6
  m_Component:
  - component: {fileID: 488497346314349308}
  - component: {fileID: 488497346314349299}
  - component: {fileID: 488497346314349298}
  - component: {fileID: 488497346314349309}
  - component: {fileID: 7445120321841464794}
  m_Layer: 0
  m_Name: Graphic
  m_TagString: Untagged
  m_Icon: {fileID: 0}
  m_NavMeshLayer: 0
  m_StaticEditorFlags: 0
  m_IsActive: 1
--- !u!4 &488497346314349308
Transform:
  m_ObjectHideFlags: 0
  m_CorrespondingSourceObject: {fileID: 0}
  m_PrefabInstance: {fileID: 0}
  m_PrefabAsset: {fileID: 0}
  m_GameObject: {fileID: 488497346314349297}
  m_LocalRotation: {x: 0, y: 0, z: 0, w: 1}
  m_LocalPosition: {x: 0, y: 0, z: 0}
  m_LocalScale: {x: 1, y: 1, z: 1}
  m_ConstrainProportionsScale: 0
  m_Children: []
  m_Father: {fileID: 488497347468422933}
  m_RootOrder: 0
  m_LocalEulerAnglesHint: {x: 0, y: 0, z: 0}
--- !u!212 &488497346314349299
SpriteRenderer:
  m_ObjectHideFlags: 0
  m_CorrespondingSourceObject: {fileID: 0}
  m_PrefabInstance: {fileID: 0}
  m_PrefabAsset: {fileID: 0}
  m_GameObject: {fileID: 488497346314349297}
  m_Enabled: 1
  m_CastShadows: 0
  m_ReceiveShadows: 0
  m_DynamicOccludee: 1
  m_StaticShadowCaster: 0
  m_MotionVectors: 1
  m_LightProbeUsage: 1
  m_ReflectionProbeUsage: 1
  m_RayTracingMode: 0
  m_RayTraceProcedural: 0
  m_RenderingLayerMask: 1
  m_RendererPriority: 0
  m_Materials:
  - {fileID: 2100000, guid: a97c105638bdf8b4a8650670310a4cd3, type: 2}
  m_StaticBatchInfo:
    firstSubMesh: 0
    subMeshCount: 0
  m_StaticBatchRoot: {fileID: 0}
  m_ProbeAnchor: {fileID: 0}
  m_LightProbeVolumeOverride: {fileID: 0}
  m_ScaleInLightmap: 1
  m_ReceiveGI: 1
  m_PreserveUVs: 0
  m_IgnoreNormalsForChartDetection: 0
  m_ImportantGI: 0
  m_StitchLightmapSeams: 1
  m_SelectedEditorRenderState: 0
  m_MinimumChartSize: 4
  m_AutoUVMaxDistance: 0.5
  m_AutoUVMaxAngle: 89
  m_LightmapParameters: {fileID: 0}
  m_SortingLayerID: 0
  m_SortingLayer: 0
  m_SortingOrder: 0
  m_Sprite: {fileID: -372043208, guid: 2cdebdea4caa68c4ebf80ea83cb88464, type: 3}
  m_Color: {r: 1, g: 1, b: 1, a: 1}
  m_FlipX: 0
  m_FlipY: 0
  m_DrawMode: 0
  m_Size: {x: 0.75, y: 0.75}
  m_AdaptiveModeThreshold: 0.5
  m_SpriteTileMode: 0
  m_WasSpriteAssigned: 1
  m_MaskInteraction: 0
  m_SpriteSortPoint: 1
--- !u!95 &488497346314349298
Animator:
  serializedVersion: 4
  m_ObjectHideFlags: 0
  m_CorrespondingSourceObject: {fileID: 0}
  m_PrefabInstance: {fileID: 0}
  m_PrefabAsset: {fileID: 0}
  m_GameObject: {fileID: 488497346314349297}
  m_Enabled: 1
  m_Avatar: {fileID: 0}
  m_Controller: {fileID: 9100000, guid: bf7263a6bf2432c4f8d423cc49ff71fc, type: 2}
  m_CullingMode: 0
  m_UpdateMode: 0
  m_ApplyRootMotion: 0
  m_LinearVelocityBlending: 0
  m_StabilizeFeet: 0
  m_WarningMessage: 
  m_HasTransformHierarchy: 1
  m_AllowConstantClipSamplingOptimization: 1
  m_KeepAnimatorControllerStateOnDisable: 0
--- !u!114 &488497346314349309
MonoBehaviour:
  m_ObjectHideFlags: 0
  m_CorrespondingSourceObject: {fileID: 0}
  m_PrefabInstance: {fileID: 0}
  m_PrefabAsset: {fileID: 0}
  m_GameObject: {fileID: 488497346314349297}
  m_Enabled: 1
  m_EditorHideFlags: 0
  m_Script: {fileID: 11500000, guid: 5fad69830402426439880952e947f109, type: 3}
  m_Name: 
  m_EditorClassIdentifier: 
  objectToCastEvent: {fileID: 488497347468422920}
--- !u!114 &7445120321841464794
MonoBehaviour:
  m_ObjectHideFlags: 0
  m_CorrespondingSourceObject: {fileID: 0}
  m_PrefabInstance: {fileID: 0}
  m_PrefabAsset: {fileID: 0}
  m_GameObject: {fileID: 488497346314349297}
  m_Enabled: 1
  m_EditorHideFlags: 0
  m_Script: {fileID: 11500000, guid: 08bf53dd707546f489e7f941ea61460b, type: 3}
  m_Name: 
  m_EditorClassIdentifier: 
  useSpriteRenderer: 1
  useParticleSystem: 0
  useTrailRenderer: 0
  baseDepth: 0
  isGetParent: 0
  useCustomParent: 0
  customParent: {fileID: 0}
  hasEquipment: 0
  baseDepthForEquipment: 1
--- !u!1 &488497347319593908
GameObject:
  m_ObjectHideFlags: 0
  m_CorrespondingSourceObject: {fileID: 0}
  m_PrefabInstance: {fileID: 0}
  m_PrefabAsset: {fileID: 0}
  serializedVersion: 6
  m_Component:
  - component: {fileID: 488497347319593909}
  - component: {fileID: 488497347319593910}
  m_Layer: 0
  m_Name: Shadow
  m_TagString: Untagged
  m_Icon: {fileID: 0}
  m_NavMeshLayer: 0
  m_StaticEditorFlags: 0
  m_IsActive: 1
--- !u!4 &488497347319593909
Transform:
  m_ObjectHideFlags: 0
  m_CorrespondingSourceObject: {fileID: 0}
  m_PrefabInstance: {fileID: 0}
  m_PrefabAsset: {fileID: 0}
  m_GameObject: {fileID: 488497347319593908}
  m_LocalRotation: {x: -0, y: -0, z: -0, w: 1}
  m_LocalPosition: {x: -0.0029997826, y: 0.029000044, z: 0}
  m_LocalScale: {x: 0.65009797, y: 0.30029434, z: 1}
  m_ConstrainProportionsScale: 0
  m_Children: []
  m_Father: {fileID: 488497347468422933}
  m_RootOrder: 1
  m_LocalEulerAnglesHint: {x: 0, y: 0, z: 0}
--- !u!212 &488497347319593910
SpriteRenderer:
  m_ObjectHideFlags: 0
  m_CorrespondingSourceObject: {fileID: 0}
  m_PrefabInstance: {fileID: 0}
  m_PrefabAsset: {fileID: 0}
  m_GameObject: {fileID: 488497347319593908}
  m_Enabled: 1
  m_CastShadows: 0
  m_ReceiveShadows: 0
  m_DynamicOccludee: 1
  m_StaticShadowCaster: 0
  m_MotionVectors: 1
  m_LightProbeUsage: 1
  m_ReflectionProbeUsage: 1
  m_RayTracingMode: 0
  m_RayTraceProcedural: 0
  m_RenderingLayerMask: 1
  m_RendererPriority: 0
  m_Materials:
  - {fileID: 2100000, guid: a97c105638bdf8b4a8650670310a4cd3, type: 2}
  m_StaticBatchInfo:
    firstSubMesh: 0
    subMeshCount: 0
  m_StaticBatchRoot: {fileID: 0}
  m_ProbeAnchor: {fileID: 0}
  m_LightProbeVolumeOverride: {fileID: 0}
  m_ScaleInLightmap: 1
  m_ReceiveGI: 1
  m_PreserveUVs: 0
  m_IgnoreNormalsForChartDetection: 0
  m_ImportantGI: 0
  m_StitchLightmapSeams: 1
  m_SelectedEditorRenderState: 0
  m_MinimumChartSize: 4
  m_AutoUVMaxDistance: 0.5
  m_AutoUVMaxAngle: 89
  m_LightmapParameters: {fileID: 0}
  m_SortingLayerID: -1010537361
  m_SortingLayer: -2
  m_SortingOrder: -10
  m_Sprite: {fileID: -2413806693520163455, guid: a86470a33a6bf42c4b3595704624658b, type: 3}
  m_Color: {r: 0, g: 0, b: 0, a: 0.19607843}
  m_FlipX: 0
  m_FlipY: 0
  m_DrawMode: 0
  m_Size: {x: 1, y: 1}
  m_AdaptiveModeThreshold: 0.5
  m_SpriteTileMode: 0
  m_WasSpriteAssigned: 1
  m_MaskInteraction: 0
  m_SpriteSortPoint: 0
--- !u!1 &488497347468422920
GameObject:
  m_ObjectHideFlags: 0
  m_CorrespondingSourceObject: {fileID: 0}
  m_PrefabInstance: {fileID: 0}
  m_PrefabAsset: {fileID: 0}
  serializedVersion: 6
  m_Component:
  - component: {fileID: 488497347468422933}
  - component: {fileID: 488497347468422932}
  - component: {fileID: 488497347468422923}
  - component: {fileID: 488497347468422922}
  - component: {fileID: 488497347468422921}
  m_Layer: 7
  m_Name: CrazeeDayzee
  m_TagString: Enemy
  m_Icon: {fileID: 0}
  m_NavMeshLayer: 0
  m_StaticEditorFlags: 0
  m_IsActive: 1
--- !u!4 &488497347468422933
Transform:
  m_ObjectHideFlags: 0
  m_CorrespondingSourceObject: {fileID: 0}
  m_PrefabInstance: {fileID: 0}
  m_PrefabAsset: {fileID: 0}
  m_GameObject: {fileID: 488497347468422920}
  m_LocalRotation: {x: 0, y: 0, z: 0, w: 1}
  m_LocalPosition: {x: 4.53, y: 2.5, z: 0}
  m_LocalScale: {x: 1, y: 1, z: 1}
  m_ConstrainProportionsScale: 0
  m_Children:
  - {fileID: 488497346314349308}
  - {fileID: 488497347319593909}
  - {fileID: 6028076451228867650}
  - {fileID: 6177884024538348240}
  - {fileID: 1523175731599796538}
  - {fileID: 3454717881886011076}
  - {fileID: 5575487422638580341}
  - {fileID: 488497347737892001}
  m_Father: {fileID: 0}
  m_RootOrder: 0
  m_LocalEulerAnglesHint: {x: 0, y: 0, z: 0}
--- !u!61 &488497347468422932
BoxCollider2D:
  m_ObjectHideFlags: 0
  m_CorrespondingSourceObject: {fileID: 0}
  m_PrefabInstance: {fileID: 0}
  m_PrefabAsset: {fileID: 0}
  m_GameObject: {fileID: 488497347468422920}
  m_Enabled: 1
  m_Density: 1
  m_Material: {fileID: 0}
  m_IsTrigger: 0
  m_UsedByEffector: 0
  m_UsedByComposite: 0
  m_Offset: {x: -0.053103954, y: 0.19210777}
  m_SpriteTilingProperty:
    border: {x: 0, y: 0, z: 0, w: 0}
    pivot: {x: 0, y: 0}
    oldSize: {x: 0, y: 0}
    newSize: {x: 0, y: 0}
    adaptiveTilingThreshold: 0
    drawMode: 0
    adaptiveTiling: 0
  m_AutoTiling: 0
  serializedVersion: 2
  m_Size: {x: 0.6299698, y: 0.4707461}
  m_EdgeRadius: 0
--- !u!50 &488497347468422923
Rigidbody2D:
  serializedVersion: 4
  m_ObjectHideFlags: 0
  m_CorrespondingSourceObject: {fileID: 0}
  m_PrefabInstance: {fileID: 0}
  m_PrefabAsset: {fileID: 0}
  m_GameObject: {fileID: 488497347468422920}
  m_BodyType: 0
  m_Simulated: 1
  m_UseFullKinematicContacts: 0
  m_UseAutoMass: 0
  m_Mass: 1
  m_LinearDrag: 5
  m_AngularDrag: 0.05
  m_GravityScale: 0
  m_Material: {fileID: 0}
  m_Interpolate: 0
  m_SleepingMode: 1
  m_CollisionDetection: 0
  m_Constraints: 4
--- !u!114 &488497347468422922
MonoBehaviour:
  m_ObjectHideFlags: 0
  m_CorrespondingSourceObject: {fileID: 0}
  m_PrefabInstance: {fileID: 0}
  m_PrefabAsset: {fileID: 0}
  m_GameObject: {fileID: 488497347468422920}
  m_Enabled: 1
  m_EditorHideFlags: 0
  m_Script: {fileID: 11500000, guid: 53dd0f2bcf5f8cf479fa05dbd7d87725, type: 3}
  m_Name: 
  m_EditorClassIdentifier: 
  isWalking: 0
  vectorHelper: {x: 1, y: 0, z: 0}
  distanceToWander: 1
  minWalkWait: 1.5
  maxWalkWait: 2
  minVelocity: 1.5
  maxVelocity: 2
--- !u!114 &488497347468422921
MonoBehaviour:
  m_ObjectHideFlags: 0
  m_CorrespondingSourceObject: {fileID: 0}
  m_PrefabInstance: {fileID: 0}
  m_PrefabAsset: {fileID: 0}
  m_GameObject: {fileID: 488497347468422920}
  m_Enabled: 1
  m_EditorHideFlags: 0
  m_Script: {fileID: 11500000, guid: f2b7f5520d7a51c44bbce507f51c9b2f, type: 3}
  m_Name: 
  m_EditorClassIdentifier: 
  anim: {fileID: 488497346314349298}
  rb: {fileID: 488497347468422923}
  ID: 
  spellType: 8
  spriteRendererList:
  - {fileID: 488497346314349299}
  sleepEffect: {fileID: 6028076451228867661}
  dizzyCircle: {fileID: 6177884024538348241}
  slowEffect: {fileID: 9089981183062111398}
  freezeEffect: {fileID: 782730844331771061}
  poisonEffect: {fileID: 1807630242665717944}
  disappearEffect: {fileID: 7181085527148384238, guid: eda8ecfe3dbde4244b98d1cde2c7ceba, type: 3}
  spe: 1
  atk: 3
  def: 3
  maxHp: 5
  hp: 5
  maxStamina: 0
  stamina: 0
  initSpe: 0
  staminaGain: 4
  expGain: 1
  coinDrop: 5
  coinPreFab: {fileID: 2379549075394999571, guid: b8e177d15463cbc458343e7323af19c6, type: 3}
  commonItemDrop: []
  rareItemDrop:
  - {fileID: 2379549075394999571, guid: 064e5454dd47328438a86b5e78d369fd, type: 3}
  - {fileID: 2379549075394999571, guid: 064e5454dd47328438a86b5e78d369fd, type: 3}
  epicItemDrop:
  - {fileID: 2379549075394999571, guid: e55f9f362e256234cb855d40e9f859e6, type: 3}
  - {fileID: 2379549075394999571, guid: 56df97fe05b07454e875a0a3f6da138a, type: 3}
  - {fileID: 2379549075394999571, guid: 0903ad8d12ae1ec42adb6c61007f4c49, type: 3}
  - {fileID: 2379549075394999571, guid: 0903ad8d12ae1ec42adb6c61007f4c49, type: 3}
  noEffectLayer:
    serializedVersion: 2
    m_Bits: 0
  superEffectLayer:
    serializedVersion: 2
    m_Bits: 4096
  isNotMoveAway: 0
  isCanMove: 0
  isCanAttack: 0
  isVisible: 0
  damageTextPopup: {fileID: 404638945402566943, guid: eb855fd1efb581c408df1d871cb6a8a3, type: 3}
  musicBullet: {fileID: 1025291655676507769, guid: 03f2f4edd61652d42b0bcbf905f30c4a, type: 3}
  musicTip: {fileID: 488497347737892001}
  minDistanceDetectPlayer: 1
  maxDistanceDetectPlayer: 7
  timer: 5
--- !u!1 &488497347737892000
GameObject:
  m_ObjectHideFlags: 0
  m_CorrespondingSourceObject: {fileID: 0}
  m_PrefabInstance: {fileID: 0}
  m_PrefabAsset: {fileID: 0}
  serializedVersion: 6
  m_Component:
  - component: {fileID: 488497347737892001}
  m_Layer: 0
  m_Name: Bullet Tip
  m_TagString: Untagged
  m_Icon: {fileID: 0}
  m_NavMeshLayer: 0
  m_StaticEditorFlags: 0
  m_IsActive: 1
--- !u!4 &488497347737892001
Transform:
  m_ObjectHideFlags: 0
  m_CorrespondingSourceObject: {fileID: 0}
  m_PrefabInstance: {fileID: 0}
  m_PrefabAsset: {fileID: 0}
  m_GameObject: {fileID: 488497347737892000}
  m_LocalRotation: {x: -0, y: -0, z: -0, w: 1}
  m_LocalPosition: {x: -0.05, y: 0.3, z: 0}
  m_LocalScale: {x: 1, y: 1, z: 1}
  m_ConstrainProportionsScale: 0
  m_Children: []
  m_Father: {fileID: 488497347468422933}
  m_RootOrder: 7
  m_LocalEulerAnglesHint: {x: 0, y: 0, z: 0}
--- !u!1001 &488497346704968561
PrefabInstance:
  m_ObjectHideFlags: 0
  serializedVersion: 2
  m_Modification:
    m_TransformParent: {fileID: 488497347468422933}
    m_Modifications:
    - target: {fileID: 6015469306215215520, guid: 4f059b901ef31d444a66fb769e335faa, type: 3}
      propertyPath: m_Name
      value: DizzyCircle
      objectReference: {fileID: 0}
    - target: {fileID: 6015469306215215520, guid: 4f059b901ef31d444a66fb769e335faa, type: 3}
      propertyPath: m_IsActive
      value: 0
      objectReference: {fileID: 0}
    - target: {fileID: 6015469306215215521, guid: 4f059b901ef31d444a66fb769e335faa, type: 3}
      propertyPath: m_RootOrder
      value: 3
      objectReference: {fileID: 0}
    - target: {fileID: 6015469306215215521, guid: 4f059b901ef31d444a66fb769e335faa, type: 3}
      propertyPath: m_LocalPosition.x
      value: 0
      objectReference: {fileID: 0}
    - target: {fileID: 6015469306215215521, guid: 4f059b901ef31d444a66fb769e335faa, type: 3}
      propertyPath: m_LocalPosition.y
      value: 0.63
      objectReference: {fileID: 0}
    - target: {fileID: 6015469306215215521, guid: 4f059b901ef31d444a66fb769e335faa, type: 3}
      propertyPath: m_LocalPosition.z
      value: 0
      objectReference: {fileID: 0}
    - target: {fileID: 6015469306215215521, guid: 4f059b901ef31d444a66fb769e335faa, type: 3}
      propertyPath: m_LocalRotation.w
      value: 1
      objectReference: {fileID: 0}
    - target: {fileID: 6015469306215215521, guid: 4f059b901ef31d444a66fb769e335faa, type: 3}
      propertyPath: m_LocalRotation.x
      value: -0
      objectReference: {fileID: 0}
    - target: {fileID: 6015469306215215521, guid: 4f059b901ef31d444a66fb769e335faa, type: 3}
      propertyPath: m_LocalRotation.y
      value: -0
      objectReference: {fileID: 0}
    - target: {fileID: 6015469306215215521, guid: 4f059b901ef31d444a66fb769e335faa, type: 3}
      propertyPath: m_LocalRotation.z
      value: -0
      objectReference: {fileID: 0}
    - target: {fileID: 6015469306215215521, guid: 4f059b901ef31d444a66fb769e335faa, type: 3}
      propertyPath: m_LocalEulerAnglesHint.x
      value: 0
      objectReference: {fileID: 0}
    - target: {fileID: 6015469306215215521, guid: 4f059b901ef31d444a66fb769e335faa, type: 3}
      propertyPath: m_LocalEulerAnglesHint.y
      value: 0
      objectReference: {fileID: 0}
    - target: {fileID: 6015469306215215521, guid: 4f059b901ef31d444a66fb769e335faa, type: 3}
      propertyPath: m_LocalEulerAnglesHint.z
      value: 0
      objectReference: {fileID: 0}
    m_RemovedComponents: []
  m_SourcePrefab: {fileID: 100100000, guid: 4f059b901ef31d444a66fb769e335faa, type: 3}
--- !u!4 &6177884024538348240 stripped
Transform:
  m_CorrespondingSourceObject: {fileID: 6015469306215215521, guid: 4f059b901ef31d444a66fb769e335faa, type: 3}
  m_PrefabInstance: {fileID: 488497346704968561}
  m_PrefabAsset: {fileID: 0}
--- !u!1 &6177884024538348241 stripped
GameObject:
  m_CorrespondingSourceObject: {fileID: 6015469306215215520, guid: 4f059b901ef31d444a66fb769e335faa, type: 3}
  m_PrefabInstance: {fileID: 488497346704968561}
  m_PrefabAsset: {fileID: 0}
--- !u!1001 &488497347032638970
PrefabInstance:
  m_ObjectHideFlags: 0
  serializedVersion: 2
  m_Modification:
    m_TransformParent: {fileID: 488497347468422933}
    m_Modifications:
    - target: {fileID: 6156273526144580023, guid: 8ef5131fc4cf8fb4ba75d61fc1b6c7d6, type: 3}
      propertyPath: m_Name
      value: SleepEffect
      objectReference: {fileID: 0}
    - target: {fileID: 6156273526144580023, guid: 8ef5131fc4cf8fb4ba75d61fc1b6c7d6, type: 3}
      propertyPath: m_IsActive
      value: 0
      objectReference: {fileID: 0}
    - target: {fileID: 6156273526144580024, guid: 8ef5131fc4cf8fb4ba75d61fc1b6c7d6, type: 3}
      propertyPath: m_RootOrder
      value: 2
      objectReference: {fileID: 0}
    - target: {fileID: 6156273526144580024, guid: 8ef5131fc4cf8fb4ba75d61fc1b6c7d6, type: 3}
      propertyPath: m_LocalPosition.x
      value: 0
      objectReference: {fileID: 0}
    - target: {fileID: 6156273526144580024, guid: 8ef5131fc4cf8fb4ba75d61fc1b6c7d6, type: 3}
      propertyPath: m_LocalPosition.y
      value: 0.61
      objectReference: {fileID: 0}
    - target: {fileID: 6156273526144580024, guid: 8ef5131fc4cf8fb4ba75d61fc1b6c7d6, type: 3}
      propertyPath: m_LocalPosition.z
      value: 0
      objectReference: {fileID: 0}
    - target: {fileID: 6156273526144580024, guid: 8ef5131fc4cf8fb4ba75d61fc1b6c7d6, type: 3}
      propertyPath: m_LocalRotation.w
      value: 1
      objectReference: {fileID: 0}
    - target: {fileID: 6156273526144580024, guid: 8ef5131fc4cf8fb4ba75d61fc1b6c7d6, type: 3}
      propertyPath: m_LocalRotation.x
      value: -0
      objectReference: {fileID: 0}
    - target: {fileID: 6156273526144580024, guid: 8ef5131fc4cf8fb4ba75d61fc1b6c7d6, type: 3}
      propertyPath: m_LocalRotation.y
      value: -0
      objectReference: {fileID: 0}
    - target: {fileID: 6156273526144580024, guid: 8ef5131fc4cf8fb4ba75d61fc1b6c7d6, type: 3}
      propertyPath: m_LocalRotation.z
      value: -0
      objectReference: {fileID: 0}
    - target: {fileID: 6156273526144580024, guid: 8ef5131fc4cf8fb4ba75d61fc1b6c7d6, type: 3}
      propertyPath: m_LocalEulerAnglesHint.x
      value: 0
      objectReference: {fileID: 0}
    - target: {fileID: 6156273526144580024, guid: 8ef5131fc4cf8fb4ba75d61fc1b6c7d6, type: 3}
      propertyPath: m_LocalEulerAnglesHint.y
      value: 0
      objectReference: {fileID: 0}
    - target: {fileID: 6156273526144580024, guid: 8ef5131fc4cf8fb4ba75d61fc1b6c7d6, type: 3}
      propertyPath: m_LocalEulerAnglesHint.z
      value: 0
      objectReference: {fileID: 0}
    m_RemovedComponents: []
  m_SourcePrefab: {fileID: 100100000, guid: 8ef5131fc4cf8fb4ba75d61fc1b6c7d6, type: 3}
--- !u!4 &6028076451228867650 stripped
Transform:
  m_CorrespondingSourceObject: {fileID: 6156273526144580024, guid: 8ef5131fc4cf8fb4ba75d61fc1b6c7d6, type: 3}
  m_PrefabInstance: {fileID: 488497347032638970}
  m_PrefabAsset: {fileID: 0}
--- !u!1 &6028076451228867661 stripped
GameObject:
  m_CorrespondingSourceObject: {fileID: 6156273526144580023, guid: 8ef5131fc4cf8fb4ba75d61fc1b6c7d6, type: 3}
  m_PrefabInstance: {fileID: 488497347032638970}
  m_PrefabAsset: {fileID: 0}
--- !u!1001 &488497347174817868
PrefabInstance:
  m_ObjectHideFlags: 0
  serializedVersion: 2
  m_Modification:
    m_TransformParent: {fileID: 488497347468422933}
    m_Modifications:
    - target: {fileID: 2293039879866843380, guid: 2eb5bce0da386ad418042569087c9966, type: 3}
      propertyPath: m_Name
      value: PoisonEffect
      objectReference: {fileID: 0}
    - target: {fileID: 2293039879866843380, guid: 2eb5bce0da386ad418042569087c9966, type: 3}
      propertyPath: m_IsActive
      value: 0
      objectReference: {fileID: 0}
    - target: {fileID: 5451433602608038457, guid: 2eb5bce0da386ad418042569087c9966, type: 3}
      propertyPath: m_RootOrder
      value: 6
      objectReference: {fileID: 0}
    - target: {fileID: 5451433602608038457, guid: 2eb5bce0da386ad418042569087c9966, type: 3}
      propertyPath: m_LocalPosition.x
      value: -0.05
      objectReference: {fileID: 0}
    - target: {fileID: 5451433602608038457, guid: 2eb5bce0da386ad418042569087c9966, type: 3}
      propertyPath: m_LocalPosition.y
      value: 0.75
      objectReference: {fileID: 0}
    - target: {fileID: 5451433602608038457, guid: 2eb5bce0da386ad418042569087c9966, type: 3}
      propertyPath: m_LocalPosition.z
      value: 0
      objectReference: {fileID: 0}
    - target: {fileID: 5451433602608038457, guid: 2eb5bce0da386ad418042569087c9966, type: 3}
      propertyPath: m_LocalRotation.w
      value: 1
      objectReference: {fileID: 0}
    - target: {fileID: 5451433602608038457, guid: 2eb5bce0da386ad418042569087c9966, type: 3}
      propertyPath: m_LocalRotation.x
      value: -0
      objectReference: {fileID: 0}
    - target: {fileID: 5451433602608038457, guid: 2eb5bce0da386ad418042569087c9966, type: 3}
      propertyPath: m_LocalRotation.y
      value: -0
      objectReference: {fileID: 0}
    - target: {fileID: 5451433602608038457, guid: 2eb5bce0da386ad418042569087c9966, type: 3}
      propertyPath: m_LocalRotation.z
      value: -0
      objectReference: {fileID: 0}
    - target: {fileID: 5451433602608038457, guid: 2eb5bce0da386ad418042569087c9966, type: 3}
      propertyPath: m_LocalEulerAnglesHint.x
      value: 0
      objectReference: {fileID: 0}
    - target: {fileID: 5451433602608038457, guid: 2eb5bce0da386ad418042569087c9966, type: 3}
      propertyPath: m_LocalEulerAnglesHint.y
      value: 0
      objectReference: {fileID: 0}
    - target: {fileID: 5451433602608038457, guid: 2eb5bce0da386ad418042569087c9966, type: 3}
      propertyPath: m_LocalEulerAnglesHint.z
      value: 0
      objectReference: {fileID: 0}
    m_RemovedComponents: []
  m_SourcePrefab: {fileID: 100100000, guid: 2eb5bce0da386ad418042569087c9966, type: 3}
--- !u!1 &1807630242665717944 stripped
GameObject:
  m_CorrespondingSourceObject: {fileID: 2293039879866843380, guid: 2eb5bce0da386ad418042569087c9966, type: 3}
  m_PrefabInstance: {fileID: 488497347174817868}
  m_PrefabAsset: {fileID: 0}
--- !u!4 &5575487422638580341 stripped
Transform:
  m_CorrespondingSourceObject: {fileID: 5451433602608038457, guid: 2eb5bce0da386ad418042569087c9966, type: 3}
  m_PrefabInstance: {fileID: 488497347174817868}
  m_PrefabAsset: {fileID: 0}
--- !u!1001 &488497347430140845
PrefabInstance:
  m_ObjectHideFlags: 0
  serializedVersion: 2
  m_Modification:
    m_TransformParent: {fileID: 488497347468422933}
    m_Modifications:
    - target: {fileID: 1433294762878378647, guid: 5609b58276211724489d04d732c683ff, type: 3}
      propertyPath: m_RootOrder
      value: 4
      objectReference: {fileID: 0}
    - target: {fileID: 1433294762878378647, guid: 5609b58276211724489d04d732c683ff, type: 3}
      propertyPath: m_LocalPosition.x
      value: -0.06
      objectReference: {fileID: 0}
    - target: {fileID: 1433294762878378647, guid: 5609b58276211724489d04d732c683ff, type: 3}
      propertyPath: m_LocalPosition.y
      value: 0.09
      objectReference: {fileID: 0}
    - target: {fileID: 1433294762878378647, guid: 5609b58276211724489d04d732c683ff, type: 3}
      propertyPath: m_LocalPosition.z
      value: 0
      objectReference: {fileID: 0}
    - target: {fileID: 1433294762878378647, guid: 5609b58276211724489d04d732c683ff, type: 3}
      propertyPath: m_LocalRotation.w
      value: 1
      objectReference: {fileID: 0}
    - target: {fileID: 1433294762878378647, guid: 5609b58276211724489d04d732c683ff, type: 3}
      propertyPath: m_LocalRotation.x
      value: -0
      objectReference: {fileID: 0}
    - target: {fileID: 1433294762878378647, guid: 5609b58276211724489d04d732c683ff, type: 3}
      propertyPath: m_LocalRotation.y
      value: -0
      objectReference: {fileID: 0}
    - target: {fileID: 1433294762878378647, guid: 5609b58276211724489d04d732c683ff, type: 3}
      propertyPath: m_LocalRotation.z
      value: -0
      objectReference: {fileID: 0}
    - target: {fileID: 1433294762878378647, guid: 5609b58276211724489d04d732c683ff, type: 3}
      propertyPath: m_LocalEulerAnglesHint.x
      value: 0
      objectReference: {fileID: 0}
    - target: {fileID: 1433294762878378647, guid: 5609b58276211724489d04d732c683ff, type: 3}
      propertyPath: m_LocalEulerAnglesHint.y
      value: 0
      objectReference: {fileID: 0}
    - target: {fileID: 1433294762878378647, guid: 5609b58276211724489d04d732c683ff, type: 3}
      propertyPath: m_LocalEulerAnglesHint.z
      value: 0
      objectReference: {fileID: 0}
    - target: {fileID: 6663553095608666975, guid: 5609b58276211724489d04d732c683ff, type: 3}
      propertyPath: m_FlipX
      value: 1
      objectReference: {fileID: 0}
    - target: {fileID: 8710353133192986379, guid: 5609b58276211724489d04d732c683ff, type: 3}
      propertyPath: m_Name
      value: SlowEffect
      objectReference: {fileID: 0}
    - target: {fileID: 8710353133192986379, guid: 5609b58276211724489d04d732c683ff, type: 3}
      propertyPath: m_IsActive
      value: 0
      objectReference: {fileID: 0}
    m_RemovedComponents: []
  m_SourcePrefab: {fileID: 100100000, guid: 5609b58276211724489d04d732c683ff, type: 3}
--- !u!4 &1523175731599796538 stripped
Transform:
  m_CorrespondingSourceObject: {fileID: 1433294762878378647, guid: 5609b58276211724489d04d732c683ff, type: 3}
  m_PrefabInstance: {fileID: 488497347430140845}
  m_PrefabAsset: {fileID: 0}
--- !u!1 &9089981183062111398 stripped
GameObject:
  m_CorrespondingSourceObject: {fileID: 8710353133192986379, guid: 5609b58276211724489d04d732c683ff, type: 3}
  m_PrefabInstance: {fileID: 488497347430140845}
  m_PrefabAsset: {fileID: 0}
--- !u!1001 &488497348133780174
PrefabInstance:
  m_ObjectHideFlags: 0
  serializedVersion: 2
  m_Modification:
    m_TransformParent: {fileID: 488497347468422933}
    m_Modifications:
    - target: {fileID: 872480282334789243, guid: 909fd9330a16d264fabf05009d33397f, type: 3}
      propertyPath: m_Name
      value: FreezeEffect
      objectReference: {fileID: 0}
    - target: {fileID: 872480282334789243, guid: 909fd9330a16d264fabf05009d33397f, type: 3}
      propertyPath: m_IsActive
      value: 0
      objectReference: {fileID: 0}
    - target: {fileID: 2969809648145306634, guid: 909fd9330a16d264fabf05009d33397f, type: 3}
      propertyPath: m_RootOrder
      value: 5
      objectReference: {fileID: 0}
    - target: {fileID: 2969809648145306634, guid: 909fd9330a16d264fabf05009d33397f, type: 3}
      propertyPath: m_LocalPosition.x
      value: 0
      objectReference: {fileID: 0}
    - target: {fileID: 2969809648145306634, guid: 909fd9330a16d264fabf05009d33397f, type: 3}
      propertyPath: m_LocalPosition.y
      value: 0
      objectReference: {fileID: 0}
    - target: {fileID: 2969809648145306634, guid: 909fd9330a16d264fabf05009d33397f, type: 3}
      propertyPath: m_LocalPosition.z
      value: 0
      objectReference: {fileID: 0}
    - target: {fileID: 2969809648145306634, guid: 909fd9330a16d264fabf05009d33397f, type: 3}
      propertyPath: m_LocalRotation.w
      value: 1
      objectReference: {fileID: 0}
    - target: {fileID: 2969809648145306634, guid: 909fd9330a16d264fabf05009d33397f, type: 3}
      propertyPath: m_LocalRotation.x
      value: -0
      objectReference: {fileID: 0}
    - target: {fileID: 2969809648145306634, guid: 909fd9330a16d264fabf05009d33397f, type: 3}
      propertyPath: m_LocalRotation.y
      value: -0
      objectReference: {fileID: 0}
    - target: {fileID: 2969809648145306634, guid: 909fd9330a16d264fabf05009d33397f, type: 3}
      propertyPath: m_LocalRotation.z
      value: -0
      objectReference: {fileID: 0}
    - target: {fileID: 2969809648145306634, guid: 909fd9330a16d264fabf05009d33397f, type: 3}
      propertyPath: m_LocalEulerAnglesHint.x
      value: 0
      objectReference: {fileID: 0}
    - target: {fileID: 2969809648145306634, guid: 909fd9330a16d264fabf05009d33397f, type: 3}
      propertyPath: m_LocalEulerAnglesHint.y
      value: 0
      objectReference: {fileID: 0}
    - target: {fileID: 2969809648145306634, guid: 909fd9330a16d264fabf05009d33397f, type: 3}
      propertyPath: m_LocalEulerAnglesHint.z
      value: 0
      objectReference: {fileID: 0}
    - target: {fileID: 4112304436209716583, guid: 909fd9330a16d264fabf05009d33397f, type: 3}
      propertyPath: m_FlipX
      value: 1
      objectReference: {fileID: 0}
    m_RemovedComponents: []
  m_SourcePrefab: {fileID: 100100000, guid: 909fd9330a16d264fabf05009d33397f, type: 3}
--- !u!1 &782730844331771061 stripped
GameObject:
  m_CorrespondingSourceObject: {fileID: 872480282334789243, guid: 909fd9330a16d264fabf05009d33397f, type: 3}
  m_PrefabInstance: {fileID: 488497348133780174}
  m_PrefabAsset: {fileID: 0}
--- !u!4 &3454717881886011076 stripped
Transform:
  m_CorrespondingSourceObject: {fileID: 2969809648145306634, guid: 909fd9330a16d264fabf05009d33397f, type: 3}
  m_PrefabInstance: {fileID: 488497348133780174}
  m_PrefabAsset: {fileID: 0}
