%YAML 1.1
%TAG !u! tag:unity3d.com,2011:
--- !u!1 &570915269085862406
GameObject:
  m_ObjectHideFlags: 0
  m_CorrespondingSourceObject: {fileID: 0}
  m_PrefabInstance: {fileID: 0}
  m_PrefabAsset: {fileID: 0}
  serializedVersion: 6
  m_Component:
  - component: {fileID: 570915269085862407}
  - component: {fileID: 570915269085862404}
  m_Layer: 0
  m_Name: Trail
  m_TagString: Untagged
  m_Icon: {fileID: 0}
  m_NavMeshLayer: 0
  m_StaticEditorFlags: 0
  m_IsActive: 1
--- !u!4 &570915269085862407
Transform:
  m_ObjectHideFlags: 0
  m_CorrespondingSourceObject: {fileID: 0}
  m_PrefabInstance: {fileID: 0}
  m_PrefabAsset: {fileID: 0}
  m_GameObject: {fileID: 570915269085862406}
  m_LocalRotation: {x: 0, y: 0, z: 0, w: 1}
  m_LocalPosition: {x: 0, y: 0.25, z: 0}
  m_LocalScale: {x: 1, y: 1, z: 1}
  m_ConstrainProportionsScale: 0
  m_Children: []
  m_Father: {fileID: 570915270606331687}
  m_RootOrder: 7
  m_LocalEulerAnglesHint: {x: 0, y: 0, z: 0}
--- !u!96 &570915269085862404
TrailRenderer:
  serializedVersion: 2
  m_ObjectHideFlags: 0
  m_CorrespondingSourceObject: {fileID: 0}
  m_PrefabInstance: {fileID: 0}
  m_PrefabAsset: {fileID: 0}
  m_GameObject: {fileID: 570915269085862406}
  m_Enabled: 1
  m_CastShadows: 1
  m_ReceiveShadows: 1
  m_DynamicOccludee: 1
  m_StaticShadowCaster: 0
  m_MotionVectors: 0
  m_LightProbeUsage: 0
  m_ReflectionProbeUsage: 0
  m_RayTracingMode: 0
  m_RayTraceProcedural: 0
  m_RenderingLayerMask: 1
  m_RendererPriority: 0
  m_Materials:
  - {fileID: 2100000, guid: a97c105638bdf8b4a8650670310a4cd3, type: 2}
  m_StaticBatchInfo:
    firstSubMesh: 0
    subMeshCount: 0
  m_StaticBatchRoot: {fileID: 0}
  m_ProbeAnchor: {fileID: 0}
  m_LightProbeVolumeOverride: {fileID: 0}
  m_ScaleInLightmap: 1
  m_ReceiveGI: 1
  m_PreserveUVs: 0
  m_IgnoreNormalsForChartDetection: 0
  m_ImportantGI: 0
  m_StitchLightmapSeams: 1
  m_SelectedEditorRenderState: 3
  m_MinimumChartSize: 4
  m_AutoUVMaxDistance: 0.5
  m_AutoUVMaxAngle: 89
  m_LightmapParameters: {fileID: 0}
  m_SortingLayerID: -1010537361
  m_SortingLayer: -2
  m_SortingOrder: 0
  m_Time: 0.5
  m_Parameters:
    serializedVersion: 3
    widthMultiplier: 1
    widthCurve:
      serializedVersion: 2
      m_Curve:
      - serializedVersion: 3
        time: 0
        value: 0.056337357
        inSlope: 0
        outSlope: 0
        tangentMode: 0
        weightedMode: 0
        inWeight: 0.33333334
        outWeight: 0.33333334
      m_PreInfinity: 2
      m_PostInfinity: 2
      m_RotationOrder: 4
    colorGradient:
      serializedVersion: 2
      key0: {r: 1, g: 1, b: 1, a: 1}
      key1: {r: 1, g: 1, b: 1, a: 0}
      key2: {r: 0, g: 0, b: 0, a: 0}
      key3: {r: 0, g: 0, b: 0, a: 0}
      key4: {r: 0, g: 0, b: 0, a: 0}
      key5: {r: 0, g: 0, b: 0, a: 0}
      key6: {r: 0, g: 0, b: 0, a: 0}
      key7: {r: 0, g: 0, b: 0, a: 0}
      ctime0: 0
      ctime1: 65535
      ctime2: 0
      ctime3: 0
      ctime4: 0
      ctime5: 0
      ctime6: 0
      ctime7: 0
      atime0: 0
      atime1: 65535
      atime2: 0
      atime3: 0
      atime4: 0
      atime5: 0
      atime6: 0
      atime7: 0
      m_Mode: 0
      m_NumColorKeys: 2
      m_NumAlphaKeys: 2
    numCornerVertices: 0
    numCapVertices: 0
    alignment: 0
    textureMode: 0
    shadowBias: 0.5
    generateLightingData: 0
  m_MinVertexDistance: 0.1
  m_Autodestruct: 0
  m_Emitting: 1
--- !u!1 &570915270007458116
GameObject:
  m_ObjectHideFlags: 0
  m_CorrespondingSourceObject: {fileID: 0}
  m_PrefabInstance: {fileID: 0}
  m_PrefabAsset: {fileID: 0}
  serializedVersion: 6
  m_Component:
  - component: {fileID: 570915270007458117}
  - component: {fileID: 570915270007458170}
  m_Layer: 0
  m_Name: Shadow
  m_TagString: Untagged
  m_Icon: {fileID: 0}
  m_NavMeshLayer: 0
  m_StaticEditorFlags: 0
  m_IsActive: 0
--- !u!4 &570915270007458117
Transform:
  m_ObjectHideFlags: 0
  m_CorrespondingSourceObject: {fileID: 0}
  m_PrefabInstance: {fileID: 0}
  m_PrefabAsset: {fileID: 0}
  m_GameObject: {fileID: 570915270007458116}
  m_LocalRotation: {x: -0, y: -0, z: -0, w: 1}
  m_LocalPosition: {x: -0.025, y: 0, z: 0}
  m_LocalScale: {x: 0.9, y: 0.3, z: 1}
  m_ConstrainProportionsScale: 0
  m_Children: []
  m_Father: {fileID: 570915270606331687}
  m_RootOrder: 1
  m_LocalEulerAnglesHint: {x: 0, y: 0, z: 0}
--- !u!212 &570915270007458170
SpriteRenderer:
  m_ObjectHideFlags: 0
  m_CorrespondingSourceObject: {fileID: 0}
  m_PrefabInstance: {fileID: 0}
  m_PrefabAsset: {fileID: 0}
  m_GameObject: {fileID: 570915270007458116}
  m_Enabled: 1
  m_CastShadows: 0
  m_ReceiveShadows: 0
  m_DynamicOccludee: 1
  m_StaticShadowCaster: 0
  m_MotionVectors: 1
  m_LightProbeUsage: 1
  m_ReflectionProbeUsage: 1
  m_RayTracingMode: 0
  m_RayTraceProcedural: 0
  m_RenderingLayerMask: 1
  m_RendererPriority: 0
  m_Materials:
  - {fileID: 2100000, guid: a97c105638bdf8b4a8650670310a4cd3, type: 2}
  m_StaticBatchInfo:
    firstSubMesh: 0
    subMeshCount: 0
  m_StaticBatchRoot: {fileID: 0}
  m_ProbeAnchor: {fileID: 0}
  m_LightProbeVolumeOverride: {fileID: 0}
  m_ScaleInLightmap: 1
  m_ReceiveGI: 1
  m_PreserveUVs: 0
  m_IgnoreNormalsForChartDetection: 0
  m_ImportantGI: 0
  m_StitchLightmapSeams: 1
  m_SelectedEditorRenderState: 0
  m_MinimumChartSize: 4
  m_AutoUVMaxDistance: 0.5
  m_AutoUVMaxAngle: 89
  m_LightmapParameters: {fileID: 0}
  m_SortingLayerID: -1010537361
  m_SortingLayer: -2
  m_SortingOrder: -10
  m_Sprite: {fileID: -2413806693520163455, guid: a86470a33a6bf42c4b3595704624658b, type: 3}
  m_Color: {r: 0, g: 0, b: 0, a: 0.19607843}
  m_FlipX: 0
  m_FlipY: 0
  m_DrawMode: 0
  m_Size: {x: 1, y: 1}
  m_AdaptiveModeThreshold: 0.5
  m_SpriteTileMode: 0
  m_WasSpriteAssigned: 1
  m_MaskInteraction: 0
  m_SpriteSortPoint: 0
--- !u!1 &570915270141156709
GameObject:
  m_ObjectHideFlags: 0
  m_CorrespondingSourceObject: {fileID: 0}
  m_PrefabInstance: {fileID: 0}
  m_PrefabAsset: {fileID: 0}
  serializedVersion: 6
  m_Component:
  - component: {fileID: 570915270141156634}
  - component: {fileID: 570915270141156635}
  m_Layer: 0
  m_Name: Trail (1)
  m_TagString: Untagged
  m_Icon: {fileID: 0}
  m_NavMeshLayer: 0
  m_StaticEditorFlags: 0
  m_IsActive: 1
--- !u!4 &570915270141156634
Transform:
  m_ObjectHideFlags: 0
  m_CorrespondingSourceObject: {fileID: 0}
  m_PrefabInstance: {fileID: 0}
  m_PrefabAsset: {fileID: 0}
  m_GameObject: {fileID: 570915270141156709}
  m_LocalRotation: {x: 0, y: 0, z: 0, w: 1}
  m_LocalPosition: {x: 0, y: 0, z: 0}
  m_LocalScale: {x: 1, y: 1, z: 1}
  m_ConstrainProportionsScale: 0
  m_Children: []
  m_Father: {fileID: 570915270606331687}
  m_RootOrder: 8
  m_LocalEulerAnglesHint: {x: 0, y: 0, z: 0}
--- !u!96 &570915270141156635
TrailRenderer:
  serializedVersion: 2
  m_ObjectHideFlags: 0
  m_CorrespondingSourceObject: {fileID: 0}
  m_PrefabInstance: {fileID: 0}
  m_PrefabAsset: {fileID: 0}
  m_GameObject: {fileID: 570915270141156709}
  m_Enabled: 1
  m_CastShadows: 1
  m_ReceiveShadows: 1
  m_DynamicOccludee: 1
  m_StaticShadowCaster: 0
  m_MotionVectors: 0
  m_LightProbeUsage: 0
  m_ReflectionProbeUsage: 0
  m_RayTracingMode: 0
  m_RayTraceProcedural: 0
  m_RenderingLayerMask: 1
  m_RendererPriority: 0
  m_Materials:
  - {fileID: 2100000, guid: a97c105638bdf8b4a8650670310a4cd3, type: 2}
  m_StaticBatchInfo:
    firstSubMesh: 0
    subMeshCount: 0
  m_StaticBatchRoot: {fileID: 0}
  m_ProbeAnchor: {fileID: 0}
  m_LightProbeVolumeOverride: {fileID: 0}
  m_ScaleInLightmap: 1
  m_ReceiveGI: 1
  m_PreserveUVs: 0
  m_IgnoreNormalsForChartDetection: 0
  m_ImportantGI: 0
  m_StitchLightmapSeams: 1
  m_SelectedEditorRenderState: 3
  m_MinimumChartSize: 4
  m_AutoUVMaxDistance: 0.5
  m_AutoUVMaxAngle: 89
  m_LightmapParameters: {fileID: 0}
  m_SortingLayerID: -1010537361
  m_SortingLayer: -2
  m_SortingOrder: 0
  m_Time: 0.5
  m_Parameters:
    serializedVersion: 3
    widthMultiplier: 1
    widthCurve:
      serializedVersion: 2
      m_Curve:
      - serializedVersion: 3
        time: 0
        value: 0.056337357
        inSlope: 0
        outSlope: 0
        tangentMode: 0
        weightedMode: 0
        inWeight: 0.33333334
        outWeight: 0.33333334
      m_PreInfinity: 2
      m_PostInfinity: 2
      m_RotationOrder: 4
    colorGradient:
      serializedVersion: 2
      key0: {r: 1, g: 1, b: 1, a: 1}
      key1: {r: 1, g: 1, b: 1, a: 0}
      key2: {r: 0, g: 0, b: 0, a: 0}
      key3: {r: 0, g: 0, b: 0, a: 0}
      key4: {r: 0, g: 0, b: 0, a: 0}
      key5: {r: 0, g: 0, b: 0, a: 0}
      key6: {r: 0, g: 0, b: 0, a: 0}
      key7: {r: 0, g: 0, b: 0, a: 0}
      ctime0: 0
      ctime1: 65535
      ctime2: 0
      ctime3: 0
      ctime4: 0
      ctime5: 0
      ctime6: 0
      ctime7: 0
      atime0: 0
      atime1: 65535
      atime2: 0
      atime3: 0
      atime4: 0
      atime5: 0
      atime6: 0
      atime7: 0
      m_Mode: 0
      m_NumColorKeys: 2
      m_NumAlphaKeys: 2
    numCornerVertices: 0
    numCapVertices: 0
    alignment: 0
    textureMode: 0
    shadowBias: 0.5
    generateLightingData: 0
  m_MinVertexDistance: 0.1
  m_Autodestruct: 0
  m_Emitting: 1
--- !u!1 &570915270274628711
GameObject:
  m_ObjectHideFlags: 0
  m_CorrespondingSourceObject: {fileID: 0}
  m_PrefabInstance: {fileID: 0}
  m_PrefabAsset: {fileID: 0}
  serializedVersion: 6
  m_Component:
  - component: {fileID: 570915270274628709}
  - component: {fileID: 570915270274628708}
  - component: {fileID: 570915270274628634}
  - component: {fileID: 570915270274628635}
  m_Layer: 0
  m_Name: Graphic
  m_TagString: Untagged
  m_Icon: {fileID: 0}
  m_NavMeshLayer: 0
  m_StaticEditorFlags: 0
  m_IsActive: 1
--- !u!4 &570915270274628709
Transform:
  m_ObjectHideFlags: 0
  m_CorrespondingSourceObject: {fileID: 0}
  m_PrefabInstance: {fileID: 0}
  m_PrefabAsset: {fileID: 0}
  m_GameObject: {fileID: 570915270274628711}
  m_LocalRotation: {x: 0, y: 0, z: 0, w: 1}
  m_LocalPosition: {x: 0, y: 0, z: 0}
  m_LocalScale: {x: 1, y: 1, z: 1}
  m_ConstrainProportionsScale: 0
  m_Children: []
  m_Father: {fileID: 570915270606331687}
  m_RootOrder: 0
  m_LocalEulerAnglesHint: {x: 0, y: 0, z: 0}
--- !u!212 &570915270274628708
SpriteRenderer:
  m_ObjectHideFlags: 0
  m_CorrespondingSourceObject: {fileID: 0}
  m_PrefabInstance: {fileID: 0}
  m_PrefabAsset: {fileID: 0}
  m_GameObject: {fileID: 570915270274628711}
  m_Enabled: 1
  m_CastShadows: 0
  m_ReceiveShadows: 0
  m_DynamicOccludee: 1
  m_StaticShadowCaster: 0
  m_MotionVectors: 1
  m_LightProbeUsage: 1
  m_ReflectionProbeUsage: 1
  m_RayTracingMode: 0
  m_RayTraceProcedural: 0
  m_RenderingLayerMask: 1
  m_RendererPriority: 0
  m_Materials:
  - {fileID: 2100000, guid: a97c105638bdf8b4a8650670310a4cd3, type: 2}
  m_StaticBatchInfo:
    firstSubMesh: 0
    subMeshCount: 0
  m_StaticBatchRoot: {fileID: 0}
  m_ProbeAnchor: {fileID: 0}
  m_LightProbeVolumeOverride: {fileID: 0}
  m_ScaleInLightmap: 1
  m_ReceiveGI: 1
  m_PreserveUVs: 0
  m_IgnoreNormalsForChartDetection: 0
  m_ImportantGI: 0
  m_StitchLightmapSeams: 1
  m_SelectedEditorRenderState: 0
  m_MinimumChartSize: 4
  m_AutoUVMaxDistance: 0.5
  m_AutoUVMaxAngle: 89
  m_LightmapParameters: {fileID: 0}
  m_SortingLayerID: 0
  m_SortingLayer: 0
  m_SortingOrder: 0
  m_Sprite: {fileID: 2117213530, guid: bffdb19904ced9a4abcf33bcb3a4a2b8, type: 3}
  m_Color: {r: 1, g: 1, b: 1, a: 1}
  m_FlipX: 0
  m_FlipY: 0
  m_DrawMode: 0
  m_Size: {x: 0.75, y: 0.75}
  m_AdaptiveModeThreshold: 0.5
  m_SpriteTileMode: 0
  m_WasSpriteAssigned: 1
  m_MaskInteraction: 0
  m_SpriteSortPoint: 1
--- !u!95 &570915270274628634
Animator:
  serializedVersion: 4
  m_ObjectHideFlags: 0
  m_CorrespondingSourceObject: {fileID: 0}
  m_PrefabInstance: {fileID: 0}
  m_PrefabAsset: {fileID: 0}
  m_GameObject: {fileID: 570915270274628711}
  m_Enabled: 1
  m_Avatar: {fileID: 0}
  m_Controller: {fileID: 9100000, guid: 5359c156eec3c6c47801d2dddff73e67, type: 2}
  m_CullingMode: 0
  m_UpdateMode: 0
  m_ApplyRootMotion: 0
  m_LinearVelocityBlending: 0
  m_StabilizeFeet: 0
  m_WarningMessage: 
  m_HasTransformHierarchy: 1
  m_AllowConstantClipSamplingOptimization: 1
  m_KeepAnimatorControllerStateOnDisable: 0
--- !u!114 &570915270274628635
MonoBehaviour:
  m_ObjectHideFlags: 0
  m_CorrespondingSourceObject: {fileID: 0}
  m_PrefabInstance: {fileID: 0}
  m_PrefabAsset: {fileID: 0}
  m_GameObject: {fileID: 570915270274628711}
  m_Enabled: 1
  m_EditorHideFlags: 0
  m_Script: {fileID: 11500000, guid: 08bf53dd707546f489e7f941ea61460b, type: 3}
  m_Name: 
  m_EditorClassIdentifier: 
  useSpriteRenderer: 1
  useParticleSystem: 0
  useTrailRenderer: 0
  baseDepth: 0
  isGetParent: 0
  useCustomParent: 0
  customParent: {fileID: 0}
  hasEquipment: 0
  baseDepthForEquipment: 1
--- !u!1 &570915270606331683
GameObject:
  m_ObjectHideFlags: 0
  m_CorrespondingSourceObject: {fileID: 0}
  m_PrefabInstance: {fileID: 0}
  m_PrefabAsset: {fileID: 0}
  serializedVersion: 6
  m_Component:
  - component: {fileID: 570915270606331687}
  - component: {fileID: 570915270606331686}
  - component: {fileID: 570915270606331681}
  - component: {fileID: 570915270606331680}
  m_Layer: 7
  m_Name: Ghost
  m_TagString: Enemy
  m_Icon: {fileID: 0}
  m_NavMeshLayer: 0
  m_StaticEditorFlags: 0
  m_IsActive: 1
--- !u!4 &570915270606331687
Transform:
  m_ObjectHideFlags: 0
  m_CorrespondingSourceObject: {fileID: 0}
  m_PrefabInstance: {fileID: 0}
  m_PrefabAsset: {fileID: 0}
  m_GameObject: {fileID: 570915270606331683}
  m_LocalRotation: {x: 0, y: 0, z: 0, w: 1}
  m_LocalPosition: {x: 4.19, y: -0.67, z: 0}
  m_LocalScale: {x: 1, y: 1, z: 1}
  m_ConstrainProportionsScale: 0
  m_Children:
  - {fileID: 570915270274628709}
  - {fileID: 570915270007458117}
  - {fileID: 5945655641797791056}
  - {fileID: 6095465001837790223}
  - {fileID: 1443502188628078993}
  - {fileID: 3376202504676310344}
  - {fileID: 5497537881447797376}
  - {fileID: 570915269085862407}
  - {fileID: 570915270141156634}
  m_Father: {fileID: 0}
  m_RootOrder: 0
  m_LocalEulerAnglesHint: {x: 0, y: 0, z: 0}
--- !u!61 &570915270606331686
BoxCollider2D:
  m_ObjectHideFlags: 0
  m_CorrespondingSourceObject: {fileID: 0}
  m_PrefabInstance: {fileID: 0}
  m_PrefabAsset: {fileID: 0}
  m_GameObject: {fileID: 570915270606331683}
  m_Enabled: 1
  m_Density: 1
  m_Material: {fileID: 0}
  m_IsTrigger: 1
  m_UsedByEffector: 0
  m_UsedByComposite: 0
  m_Offset: {x: -0.014822841, y: 0.23317662}
  m_SpriteTilingProperty:
    border: {x: 0, y: 0, z: 0, w: 0}
    pivot: {x: 0, y: 0}
    oldSize: {x: 0, y: 0}
    newSize: {x: 0, y: 0}
    adaptiveTilingThreshold: 0
    drawMode: 0
    adaptiveTiling: 0
  m_AutoTiling: 0
  serializedVersion: 2
  m_Size: {x: 0.8030393, y: 0.59832555}
  m_EdgeRadius: 0
--- !u!50 &570915270606331681
Rigidbody2D:
  serializedVersion: 4
  m_ObjectHideFlags: 0
  m_CorrespondingSourceObject: {fileID: 0}
  m_PrefabInstance: {fileID: 0}
  m_PrefabAsset: {fileID: 0}
  m_GameObject: {fileID: 570915270606331683}
  m_BodyType: 0
  m_Simulated: 1
  m_UseFullKinematicContacts: 0
  m_UseAutoMass: 0
  m_Mass: 1
  m_LinearDrag: 5
  m_AngularDrag: 0.05
  m_GravityScale: 0
  m_Material: {fileID: 0}
  m_Interpolate: 0
  m_SleepingMode: 1
  m_CollisionDetection: 0
  m_Constraints: 4
--- !u!114 &570915270606331680
MonoBehaviour:
  m_ObjectHideFlags: 0
  m_CorrespondingSourceObject: {fileID: 0}
  m_PrefabInstance: {fileID: 0}
  m_PrefabAsset: {fileID: 0}
  m_GameObject: {fileID: 570915270606331683}
  m_Enabled: 1
  m_EditorHideFlags: 0
  m_Script: {fileID: 11500000, guid: 9145d880c40220745b19d9d5581d19db, type: 3}
  m_Name: 
  m_EditorClassIdentifier: 
  anim: {fileID: 570915270274628634}
  rb: {fileID: 570915270606331681}
  ID: 
  spellType: 0
  spriteRendererList:
  - {fileID: 570915270274628708}
  sleepEffect: {fileID: 5945655641797791071}
  dizzyCircle: {fileID: 6095465001837790222}
  slowEffect: {fileID: 9155018078651313165}
  freezeEffect: {fileID: 862404522681669433}
  poisonEffect: {fileID: 1747062364653686861}
  disappearEffect: {fileID: 7181085527148384238, guid: eda8ecfe3dbde4244b98d1cde2c7ceba, type: 3}
  spe: 2
  atk: 5
  def: 5
  maxHp: 0
  hp: 10
  maxStamina: 0
  stamina: 0
  initSpe: 0
  staminaGain: 0
  coinDrop: 0
  coinPreFab: {fileID: 2379549075394999571, guid: b8e177d15463cbc458343e7323af19c6, type: 3}
  commonItemDrop: []
  rareItemDrop: []
  epicItemDrop: []
  noEffectLayer:
    serializedVersion: 2
    m_Bits: 256
  superEffectLayer:
    serializedVersion: 2
    m_Bits: 0
  isNotMoveAway: 0
  isCanMove: 0
  isCanAttack: 0
  isVisible: 0
  damageTextPopup: {fileID: 404638945402566943, guid: eb855fd1efb581c408df1d871cb6a8a3, type: 3}
  frequency: 2
  magnitude: 0.3
  minDistanceDetectPlayer: 0
  maxDistanceDetectPlayer: 10
  trailRendeder:
  - {fileID: 570915269085862406}
  - {fileID: 570915270141156709}
--- !u!1001 &570915269282091782
PrefabInstance:
  m_ObjectHideFlags: 0
  serializedVersion: 2
  m_Modification:
    m_TransformParent: {fileID: 570915270606331687}
    m_Modifications:
    - target: {fileID: 1433294762878378647, guid: 5609b58276211724489d04d732c683ff, type: 3}
      propertyPath: m_RootOrder
      value: 4
      objectReference: {fileID: 0}
    - target: {fileID: 1433294762878378647, guid: 5609b58276211724489d04d732c683ff, type: 3}
      propertyPath: m_LocalPosition.x
      value: 0.01
      objectReference: {fileID: 0}
    - target: {fileID: 1433294762878378647, guid: 5609b58276211724489d04d732c683ff, type: 3}
      propertyPath: m_LocalPosition.y
      value: 0.26
      objectReference: {fileID: 0}
    - target: {fileID: 1433294762878378647, guid: 5609b58276211724489d04d732c683ff, type: 3}
      propertyPath: m_LocalPosition.z
      value: 0
      objectReference: {fileID: 0}
    - target: {fileID: 1433294762878378647, guid: 5609b58276211724489d04d732c683ff, type: 3}
      propertyPath: m_LocalRotation.w
      value: 1
      objectReference: {fileID: 0}
    - target: {fileID: 1433294762878378647, guid: 5609b58276211724489d04d732c683ff, type: 3}
      propertyPath: m_LocalRotation.x
      value: -0
      objectReference: {fileID: 0}
    - target: {fileID: 1433294762878378647, guid: 5609b58276211724489d04d732c683ff, type: 3}
      propertyPath: m_LocalRotation.y
      value: -0
      objectReference: {fileID: 0}
    - target: {fileID: 1433294762878378647, guid: 5609b58276211724489d04d732c683ff, type: 3}
      propertyPath: m_LocalRotation.z
      value: -0
      objectReference: {fileID: 0}
    - target: {fileID: 1433294762878378647, guid: 5609b58276211724489d04d732c683ff, type: 3}
      propertyPath: m_LocalEulerAnglesHint.x
      value: 0
      objectReference: {fileID: 0}
    - target: {fileID: 1433294762878378647, guid: 5609b58276211724489d04d732c683ff, type: 3}
      propertyPath: m_LocalEulerAnglesHint.y
      value: 0
      objectReference: {fileID: 0}
    - target: {fileID: 1433294762878378647, guid: 5609b58276211724489d04d732c683ff, type: 3}
      propertyPath: m_LocalEulerAnglesHint.z
      value: 0
      objectReference: {fileID: 0}
    - target: {fileID: 8710353133192986379, guid: 5609b58276211724489d04d732c683ff, type: 3}
      propertyPath: m_Name
      value: SlowEffect
      objectReference: {fileID: 0}
    - target: {fileID: 8710353133192986379, guid: 5609b58276211724489d04d732c683ff, type: 3}
      propertyPath: m_IsActive
      value: 0
      objectReference: {fileID: 0}
    m_RemovedComponents: []
  m_SourcePrefab: {fileID: 100100000, guid: 5609b58276211724489d04d732c683ff, type: 3}
--- !u!4 &1443502188628078993 stripped
Transform:
  m_CorrespondingSourceObject: {fileID: 1433294762878378647, guid: 5609b58276211724489d04d732c683ff, type: 3}
  m_PrefabInstance: {fileID: 570915269282091782}
  m_PrefabAsset: {fileID: 0}
--- !u!1 &9155018078651313165 stripped
GameObject:
  m_CorrespondingSourceObject: {fileID: 8710353133192986379, guid: 5609b58276211724489d04d732c683ff, type: 3}
  m_PrefabInstance: {fileID: 570915269282091782}
  m_PrefabAsset: {fileID: 0}
--- !u!1001 &570915269306397928
PrefabInstance:
  m_ObjectHideFlags: 0
  serializedVersion: 2
  m_Modification:
    m_TransformParent: {fileID: 570915270606331687}
    m_Modifications:
    - target: {fileID: 6156273526144580023, guid: 8ef5131fc4cf8fb4ba75d61fc1b6c7d6, type: 3}
      propertyPath: m_Name
      value: SleepEffect
      objectReference: {fileID: 0}
    - target: {fileID: 6156273526144580023, guid: 8ef5131fc4cf8fb4ba75d61fc1b6c7d6, type: 3}
      propertyPath: m_IsActive
      value: 0
      objectReference: {fileID: 0}
    - target: {fileID: 6156273526144580024, guid: 8ef5131fc4cf8fb4ba75d61fc1b6c7d6, type: 3}
      propertyPath: m_RootOrder
      value: 2
      objectReference: {fileID: 0}
    - target: {fileID: 6156273526144580024, guid: 8ef5131fc4cf8fb4ba75d61fc1b6c7d6, type: 3}
      propertyPath: m_LocalPosition.x
      value: 0
      objectReference: {fileID: 0}
    - target: {fileID: 6156273526144580024, guid: 8ef5131fc4cf8fb4ba75d61fc1b6c7d6, type: 3}
      propertyPath: m_LocalPosition.y
      value: 0.61
      objectReference: {fileID: 0}
    - target: {fileID: 6156273526144580024, guid: 8ef5131fc4cf8fb4ba75d61fc1b6c7d6, type: 3}
      propertyPath: m_LocalPosition.z
      value: 0
      objectReference: {fileID: 0}
    - target: {fileID: 6156273526144580024, guid: 8ef5131fc4cf8fb4ba75d61fc1b6c7d6, type: 3}
      propertyPath: m_LocalRotation.w
      value: 1
      objectReference: {fileID: 0}
    - target: {fileID: 6156273526144580024, guid: 8ef5131fc4cf8fb4ba75d61fc1b6c7d6, type: 3}
      propertyPath: m_LocalRotation.x
      value: -0
      objectReference: {fileID: 0}
    - target: {fileID: 6156273526144580024, guid: 8ef5131fc4cf8fb4ba75d61fc1b6c7d6, type: 3}
      propertyPath: m_LocalRotation.y
      value: -0
      objectReference: {fileID: 0}
    - target: {fileID: 6156273526144580024, guid: 8ef5131fc4cf8fb4ba75d61fc1b6c7d6, type: 3}
      propertyPath: m_LocalRotation.z
      value: -0
      objectReference: {fileID: 0}
    - target: {fileID: 6156273526144580024, guid: 8ef5131fc4cf8fb4ba75d61fc1b6c7d6, type: 3}
      propertyPath: m_LocalEulerAnglesHint.x
      value: 0
      objectReference: {fileID: 0}
    - target: {fileID: 6156273526144580024, guid: 8ef5131fc4cf8fb4ba75d61fc1b6c7d6, type: 3}
      propertyPath: m_LocalEulerAnglesHint.y
      value: 0
      objectReference: {fileID: 0}
    - target: {fileID: 6156273526144580024, guid: 8ef5131fc4cf8fb4ba75d61fc1b6c7d6, type: 3}
      propertyPath: m_LocalEulerAnglesHint.z
      value: 0
      objectReference: {fileID: 0}
    m_RemovedComponents: []
  m_SourcePrefab: {fileID: 100100000, guid: 8ef5131fc4cf8fb4ba75d61fc1b6c7d6, type: 3}
--- !u!4 &5945655641797791056 stripped
Transform:
  m_CorrespondingSourceObject: {fileID: 6156273526144580024, guid: 8ef5131fc4cf8fb4ba75d61fc1b6c7d6, type: 3}
  m_PrefabInstance: {fileID: 570915269306397928}
  m_PrefabAsset: {fileID: 0}
--- !u!1 &5945655641797791071 stripped
GameObject:
  m_CorrespondingSourceObject: {fileID: 6156273526144580023, guid: 8ef5131fc4cf8fb4ba75d61fc1b6c7d6, type: 3}
  m_PrefabInstance: {fileID: 570915269306397928}
  m_PrefabAsset: {fileID: 0}
--- !u!1001 &570915269530708290
PrefabInstance:
  m_ObjectHideFlags: 0
  serializedVersion: 2
  m_Modification:
    m_TransformParent: {fileID: 570915270606331687}
    m_Modifications:
    - target: {fileID: 872480282334789243, guid: 909fd9330a16d264fabf05009d33397f, type: 3}
      propertyPath: m_Name
      value: FreezeEffect
      objectReference: {fileID: 0}
    - target: {fileID: 872480282334789243, guid: 909fd9330a16d264fabf05009d33397f, type: 3}
      propertyPath: m_IsActive
      value: 0
      objectReference: {fileID: 0}
    - target: {fileID: 2969809648145306634, guid: 909fd9330a16d264fabf05009d33397f, type: 3}
      propertyPath: m_RootOrder
      value: 5
      objectReference: {fileID: 0}
    - target: {fileID: 2969809648145306634, guid: 909fd9330a16d264fabf05009d33397f, type: 3}
      propertyPath: m_LocalPosition.x
      value: 0
      objectReference: {fileID: 0}
    - target: {fileID: 2969809648145306634, guid: 909fd9330a16d264fabf05009d33397f, type: 3}
      propertyPath: m_LocalPosition.y
      value: 0
      objectReference: {fileID: 0}
    - target: {fileID: 2969809648145306634, guid: 909fd9330a16d264fabf05009d33397f, type: 3}
      propertyPath: m_LocalPosition.z
      value: 0
      objectReference: {fileID: 0}
    - target: {fileID: 2969809648145306634, guid: 909fd9330a16d264fabf05009d33397f, type: 3}
      propertyPath: m_LocalRotation.w
      value: 1
      objectReference: {fileID: 0}
    - target: {fileID: 2969809648145306634, guid: 909fd9330a16d264fabf05009d33397f, type: 3}
      propertyPath: m_LocalRotation.x
      value: -0
      objectReference: {fileID: 0}
    - target: {fileID: 2969809648145306634, guid: 909fd9330a16d264fabf05009d33397f, type: 3}
      propertyPath: m_LocalRotation.y
      value: -0
      objectReference: {fileID: 0}
    - target: {fileID: 2969809648145306634, guid: 909fd9330a16d264fabf05009d33397f, type: 3}
      propertyPath: m_LocalRotation.z
      value: -0
      objectReference: {fileID: 0}
    - target: {fileID: 2969809648145306634, guid: 909fd9330a16d264fabf05009d33397f, type: 3}
      propertyPath: m_LocalEulerAnglesHint.x
      value: 0
      objectReference: {fileID: 0}
    - target: {fileID: 2969809648145306634, guid: 909fd9330a16d264fabf05009d33397f, type: 3}
      propertyPath: m_LocalEulerAnglesHint.y
      value: 0
      objectReference: {fileID: 0}
    - target: {fileID: 2969809648145306634, guid: 909fd9330a16d264fabf05009d33397f, type: 3}
      propertyPath: m_LocalEulerAnglesHint.z
      value: 0
      objectReference: {fileID: 0}
    m_RemovedComponents: []
  m_SourcePrefab: {fileID: 100100000, guid: 909fd9330a16d264fabf05009d33397f, type: 3}
--- !u!1 &862404522681669433 stripped
GameObject:
  m_CorrespondingSourceObject: {fileID: 872480282334789243, guid: 909fd9330a16d264fabf05009d33397f, type: 3}
  m_PrefabInstance: {fileID: 570915269530708290}
  m_PrefabAsset: {fileID: 0}
--- !u!4 &3376202504676310344 stripped
Transform:
  m_CorrespondingSourceObject: {fileID: 2969809648145306634, guid: 909fd9330a16d264fabf05009d33397f, type: 3}
  m_PrefabInstance: {fileID: 570915269530708290}
  m_PrefabAsset: {fileID: 0}
--- !u!1001 &570915270070580654
PrefabInstance:
  m_ObjectHideFlags: 0
  serializedVersion: 2
  m_Modification:
    m_TransformParent: {fileID: 570915270606331687}
    m_Modifications:
    - target: {fileID: 6015469306215215520, guid: 4f059b901ef31d444a66fb769e335faa, type: 3}
      propertyPath: m_Name
      value: DizzyCircle
      objectReference: {fileID: 0}
    - target: {fileID: 6015469306215215520, guid: 4f059b901ef31d444a66fb769e335faa, type: 3}
      propertyPath: m_IsActive
      value: 0
      objectReference: {fileID: 0}
    - target: {fileID: 6015469306215215521, guid: 4f059b901ef31d444a66fb769e335faa, type: 3}
      propertyPath: m_RootOrder
      value: 3
      objectReference: {fileID: 0}
    - target: {fileID: 6015469306215215521, guid: 4f059b901ef31d444a66fb769e335faa, type: 3}
      propertyPath: m_LocalPosition.x
      value: 0
      objectReference: {fileID: 0}
    - target: {fileID: 6015469306215215521, guid: 4f059b901ef31d444a66fb769e335faa, type: 3}
      propertyPath: m_LocalPosition.y
      value: 0.71
      objectReference: {fileID: 0}
    - target: {fileID: 6015469306215215521, guid: 4f059b901ef31d444a66fb769e335faa, type: 3}
      propertyPath: m_LocalPosition.z
      value: 0
      objectReference: {fileID: 0}
    - target: {fileID: 6015469306215215521, guid: 4f059b901ef31d444a66fb769e335faa, type: 3}
      propertyPath: m_LocalRotation.w
      value: 1
      objectReference: {fileID: 0}
    - target: {fileID: 6015469306215215521, guid: 4f059b901ef31d444a66fb769e335faa, type: 3}
      propertyPath: m_LocalRotation.x
      value: -0
      objectReference: {fileID: 0}
    - target: {fileID: 6015469306215215521, guid: 4f059b901ef31d444a66fb769e335faa, type: 3}
      propertyPath: m_LocalRotation.y
      value: -0
      objectReference: {fileID: 0}
    - target: {fileID: 6015469306215215521, guid: 4f059b901ef31d444a66fb769e335faa, type: 3}
      propertyPath: m_LocalRotation.z
      value: -0
      objectReference: {fileID: 0}
    - target: {fileID: 6015469306215215521, guid: 4f059b901ef31d444a66fb769e335faa, type: 3}
      propertyPath: m_LocalEulerAnglesHint.x
      value: 0
      objectReference: {fileID: 0}
    - target: {fileID: 6015469306215215521, guid: 4f059b901ef31d444a66fb769e335faa, type: 3}
      propertyPath: m_LocalEulerAnglesHint.y
      value: 0
      objectReference: {fileID: 0}
    - target: {fileID: 6015469306215215521, guid: 4f059b901ef31d444a66fb769e335faa, type: 3}
      propertyPath: m_LocalEulerAnglesHint.z
      value: 0
      objectReference: {fileID: 0}
    m_RemovedComponents: []
  m_SourcePrefab: {fileID: 100100000, guid: 4f059b901ef31d444a66fb769e335faa, type: 3}
--- !u!1 &6095465001837790222 stripped
GameObject:
  m_CorrespondingSourceObject: {fileID: 6015469306215215520, guid: 4f059b901ef31d444a66fb769e335faa, type: 3}
  m_PrefabInstance: {fileID: 570915270070580654}
  m_PrefabAsset: {fileID: 0}
--- !u!4 &6095465001837790223 stripped
Transform:
  m_CorrespondingSourceObject: {fileID: 6015469306215215521, guid: 4f059b901ef31d444a66fb769e335faa, type: 3}
  m_PrefabInstance: {fileID: 570915270070580654}
  m_PrefabAsset: {fileID: 0}
--- !u!1001 &570915270833967289
PrefabInstance:
  m_ObjectHideFlags: 0
  serializedVersion: 2
  m_Modification:
    m_TransformParent: {fileID: 570915270606331687}
    m_Modifications:
    - target: {fileID: 2293039879866843380, guid: 2eb5bce0da386ad418042569087c9966, type: 3}
      propertyPath: m_Name
      value: PoisonEffect
      objectReference: {fileID: 0}
    - target: {fileID: 2293039879866843380, guid: 2eb5bce0da386ad418042569087c9966, type: 3}
      propertyPath: m_IsActive
      value: 0
      objectReference: {fileID: 0}
    - target: {fileID: 5451433602608038457, guid: 2eb5bce0da386ad418042569087c9966, type: 3}
      propertyPath: m_RootOrder
      value: 6
      objectReference: {fileID: 0}
    - target: {fileID: 5451433602608038457, guid: 2eb5bce0da386ad418042569087c9966, type: 3}
      propertyPath: m_LocalPosition.x
      value: -0.02
      objectReference: {fileID: 0}
    - target: {fileID: 5451433602608038457, guid: 2eb5bce0da386ad418042569087c9966, type: 3}
      propertyPath: m_LocalPosition.y
      value: 0.82
      objectReference: {fileID: 0}
    - target: {fileID: 5451433602608038457, guid: 2eb5bce0da386ad418042569087c9966, type: 3}
      propertyPath: m_LocalPosition.z
      value: 0
      objectReference: {fileID: 0}
    - target: {fileID: 5451433602608038457, guid: 2eb5bce0da386ad418042569087c9966, type: 3}
      propertyPath: m_LocalRotation.w
      value: 1
      objectReference: {fileID: 0}
    - target: {fileID: 5451433602608038457, guid: 2eb5bce0da386ad418042569087c9966, type: 3}
      propertyPath: m_LocalRotation.x
      value: -0
      objectReference: {fileID: 0}
    - target: {fileID: 5451433602608038457, guid: 2eb5bce0da386ad418042569087c9966, type: 3}
      propertyPath: m_LocalRotation.y
      value: -0
      objectReference: {fileID: 0}
    - target: {fileID: 5451433602608038457, guid: 2eb5bce0da386ad418042569087c9966, type: 3}
      propertyPath: m_LocalRotation.z
      value: -0
      objectReference: {fileID: 0}
    - target: {fileID: 5451433602608038457, guid: 2eb5bce0da386ad418042569087c9966, type: 3}
      propertyPath: m_LocalEulerAnglesHint.x
      value: 0
      objectReference: {fileID: 0}
    - target: {fileID: 5451433602608038457, guid: 2eb5bce0da386ad418042569087c9966, type: 3}
      propertyPath: m_LocalEulerAnglesHint.y
      value: 0
      objectReference: {fileID: 0}
    - target: {fileID: 5451433602608038457, guid: 2eb5bce0da386ad418042569087c9966, type: 3}
      propertyPath: m_LocalEulerAnglesHint.z
      value: 0
      objectReference: {fileID: 0}
    m_RemovedComponents: []
  m_SourcePrefab: {fileID: 100100000, guid: 2eb5bce0da386ad418042569087c9966, type: 3}
--- !u!1 &1747062364653686861 stripped
GameObject:
  m_CorrespondingSourceObject: {fileID: 2293039879866843380, guid: 2eb5bce0da386ad418042569087c9966, type: 3}
  m_PrefabInstance: {fileID: 570915270833967289}
  m_PrefabAsset: {fileID: 0}
--- !u!4 &5497537881447797376 stripped
Transform:
  m_CorrespondingSourceObject: {fileID: 5451433602608038457, guid: 2eb5bce0da386ad418042569087c9966, type: 3}
  m_PrefabInstance: {fileID: 570915270833967289}
  m_PrefabAsset: {fileID: 0}
