%YAML 1.1
%TAG !u! tag:unity3d.com,2011:
--- !u!1 &2315687405263278460
GameObject:
  m_ObjectHideFlags: 0
  m_CorrespondingSourceObject: {fileID: 0}
  m_PrefabInstance: {fileID: 0}
  m_PrefabAsset: {fileID: 0}
  serializedVersion: 6
  m_Component:
  - component: {fileID: 2315687405263278463}
  - component: {fileID: 2315687405263278461}
  - component: {fileID: 2315687405263278456}
  - component: {fileID: 2315687405263278462}
  - component: {fileID: 3857530968953214691}
  m_Layer: 0
  m_Name: Graphic
  m_TagString: Untagged
  m_Icon: {fileID: 0}
  m_NavMeshLayer: 0
  m_StaticEditorFlags: 0
  m_IsActive: 1
--- !u!4 &2315687405263278463
Transform:
  m_ObjectHideFlags: 0
  m_CorrespondingSourceObject: {fileID: 0}
  m_PrefabInstance: {fileID: 0}
  m_PrefabAsset: {fileID: 0}
  m_GameObject: {fileID: 2315687405263278460}
  m_LocalRotation: {x: 0, y: 0, z: 0, w: 1}
  m_LocalPosition: {x: 0, y: 0, z: 0}
  m_LocalScale: {x: 1, y: 1, z: 1}
  m_ConstrainProportionsScale: 0
  m_Children: []
  m_Father: {fileID: 2315687406782632386}
  m_RootOrder: 0
  m_LocalEulerAnglesHint: {x: 0, y: 0, z: 0}
--- !u!212 &2315687405263278461
SpriteRenderer:
  m_ObjectHideFlags: 0
  m_CorrespondingSourceObject: {fileID: 0}
  m_PrefabInstance: {fileID: 0}
  m_PrefabAsset: {fileID: 0}
  m_GameObject: {fileID: 2315687405263278460}
  m_Enabled: 1
  m_CastShadows: 0
  m_ReceiveShadows: 0
  m_DynamicOccludee: 1
  m_StaticShadowCaster: 0
  m_MotionVectors: 1
  m_LightProbeUsage: 1
  m_ReflectionProbeUsage: 1
  m_RayTracingMode: 0
  m_RayTraceProcedural: 0
  m_RenderingLayerMask: 1
  m_RendererPriority: 0
  m_Materials:
  - {fileID: 2100000, guid: a97c105638bdf8b4a8650670310a4cd3, type: 2}
  m_StaticBatchInfo:
    firstSubMesh: 0
    subMeshCount: 0
  m_StaticBatchRoot: {fileID: 0}
  m_ProbeAnchor: {fileID: 0}
  m_LightProbeVolumeOverride: {fileID: 0}
  m_ScaleInLightmap: 1
  m_ReceiveGI: 1
  m_PreserveUVs: 0
  m_IgnoreNormalsForChartDetection: 0
  m_ImportantGI: 0
  m_StitchLightmapSeams: 1
  m_SelectedEditorRenderState: 0
  m_MinimumChartSize: 4
  m_AutoUVMaxDistance: 0.5
  m_AutoUVMaxAngle: 89
  m_LightmapParameters: {fileID: 0}
  m_SortingLayerID: 0
  m_SortingLayer: 0
  m_SortingOrder: 0
  m_Sprite: {fileID: -613486721, guid: fd71df1bd30f83c408307a19240d3a10, type: 3}
  m_Color: {r: 1, g: 1, b: 1, a: 1}
  m_FlipX: 0
  m_FlipY: 0
  m_DrawMode: 0
  m_Size: {x: 0.75, y: 0.75}
  m_AdaptiveModeThreshold: 0.5
  m_SpriteTileMode: 0
  m_WasSpriteAssigned: 1
  m_MaskInteraction: 0
  m_SpriteSortPoint: 1
--- !u!95 &2315687405263278456
Animator:
  serializedVersion: 4
  m_ObjectHideFlags: 0
  m_CorrespondingSourceObject: {fileID: 0}
  m_PrefabInstance: {fileID: 0}
  m_PrefabAsset: {fileID: 0}
  m_GameObject: {fileID: 2315687405263278460}
  m_Enabled: 1
  m_Avatar: {fileID: 0}
  m_Controller: {fileID: 9100000, guid: a8b750fb53a82854d9a0a3cf8483683f, type: 2}
  m_CullingMode: 0
  m_UpdateMode: 0
  m_ApplyRootMotion: 0
  m_LinearVelocityBlending: 0
  m_StabilizeFeet: 0
  m_WarningMessage: 
  m_HasTransformHierarchy: 1
  m_AllowConstantClipSamplingOptimization: 1
  m_KeepAnimatorControllerStateOnDisable: 0
--- !u!114 &2315687405263278462
MonoBehaviour:
  m_ObjectHideFlags: 0
  m_CorrespondingSourceObject: {fileID: 0}
  m_PrefabInstance: {fileID: 0}
  m_PrefabAsset: {fileID: 0}
  m_GameObject: {fileID: 2315687405263278460}
  m_Enabled: 1
  m_EditorHideFlags: 0
  m_Script: {fileID: 11500000, guid: 5fad69830402426439880952e947f109, type: 3}
  m_Name: 
  m_EditorClassIdentifier: 
  objectToCastEvent: {fileID: 2315687406782632389}
--- !u!114 &3857530968953214691
MonoBehaviour:
  m_ObjectHideFlags: 0
  m_CorrespondingSourceObject: {fileID: 0}
  m_PrefabInstance: {fileID: 0}
  m_PrefabAsset: {fileID: 0}
  m_GameObject: {fileID: 2315687405263278460}
  m_Enabled: 1
  m_EditorHideFlags: 0
  m_Script: {fileID: 11500000, guid: 08bf53dd707546f489e7f941ea61460b, type: 3}
  m_Name: 
  m_EditorClassIdentifier: 
  useSpriteRenderer: 1
  useParticleSystem: 0
  useTrailRenderer: 0
  baseDepth: 0
  isGetParent: 0
  useCustomParent: 0
  customParent: {fileID: 0}
  hasEquipment: 0
  baseDepthForEquipment: 1
--- !u!1 &2315687406782632389
GameObject:
  m_ObjectHideFlags: 0
  m_CorrespondingSourceObject: {fileID: 0}
  m_PrefabInstance: {fileID: 0}
  m_PrefabAsset: {fileID: 0}
  serializedVersion: 6
  m_Component:
  - component: {fileID: 2315687406782632386}
  - component: {fileID: 2315687406782632385}
  - component: {fileID: 2315687406782632384}
  - component: {fileID: 2315687406782632391}
  - component: {fileID: 2315687406782632390}
  m_Layer: 7
  m_Name: SpikeSlime
  m_TagString: Enemy
  m_Icon: {fileID: 0}
  m_NavMeshLayer: 0
  m_StaticEditorFlags: 0
  m_IsActive: 1
--- !u!4 &2315687406782632386
Transform:
  m_ObjectHideFlags: 0
  m_CorrespondingSourceObject: {fileID: 0}
  m_PrefabInstance: {fileID: 0}
  m_PrefabAsset: {fileID: 0}
  m_GameObject: {fileID: 2315687406782632389}
  m_LocalRotation: {x: 0, y: 0, z: 0, w: 1}
  m_LocalPosition: {x: 5.21, y: -0.85, z: 0}
  m_LocalScale: {x: 1, y: 1, z: 1}
  m_ConstrainProportionsScale: 0
  m_Children:
  - {fileID: 2315687405263278463}
  - {fileID: 2315687406840865851}
  - {fileID: 8452556433086887557}
  - {fileID: 8311890209128920301}
  - {fileID: 3730929458680694185}
  - {fileID: 654177870161077109}
  - {fileID: 7747766512339474194}
  - {fileID: 7856943219534516197}
  - {fileID: 5799177847080950626}
  - {fileID: 349733903516731371}
  - {fileID: 3877995584027125743}
  - {fileID: 6114977121870374327}
  - {fileID: 7399979735178615849}
  - {fileID: 1745912554953550345}
  - {fileID: 8545323183059148500}
  m_Father: {fileID: 0}
  m_RootOrder: 0
  m_LocalEulerAnglesHint: {x: 0, y: 0, z: 0}
--- !u!61 &2315687406782632385
BoxCollider2D:
  m_ObjectHideFlags: 0
  m_CorrespondingSourceObject: {fileID: 0}
  m_PrefabInstance: {fileID: 0}
  m_PrefabAsset: {fileID: 0}
  m_GameObject: {fileID: 2315687406782632389}
  m_Enabled: 1
  m_Density: 1
  m_Material: {fileID: 0}
  m_IsTrigger: 0
  m_UsedByEffector: 0
  m_UsedByComposite: 0
  m_Offset: {x: -0.057973504, y: 0.22941867}
  m_SpriteTilingProperty:
    border: {x: 0, y: 0, z: 0, w: 0}
    pivot: {x: 0, y: 0}
    oldSize: {x: 0, y: 0}
    newSize: {x: 0, y: 0}
    adaptiveTilingThreshold: 0
    drawMode: 0
    adaptiveTiling: 0
  m_AutoTiling: 0
  serializedVersion: 2
  m_Size: {x: 1.2106515, y: 0.61960536}
  m_EdgeRadius: 0
--- !u!50 &2315687406782632384
Rigidbody2D:
  serializedVersion: 4
  m_ObjectHideFlags: 0
  m_CorrespondingSourceObject: {fileID: 0}
  m_PrefabInstance: {fileID: 0}
  m_PrefabAsset: {fileID: 0}
  m_GameObject: {fileID: 2315687406782632389}
  m_BodyType: 0
  m_Simulated: 1
  m_UseFullKinematicContacts: 0
  m_UseAutoMass: 0
  m_Mass: 1
  m_LinearDrag: 5
  m_AngularDrag: 0.05
  m_GravityScale: 0
  m_Material: {fileID: 0}
  m_Interpolate: 0
  m_SleepingMode: 1
  m_CollisionDetection: 0
  m_Constraints: 4
--- !u!114 &2315687406782632391
MonoBehaviour:
  m_ObjectHideFlags: 0
  m_CorrespondingSourceObject: {fileID: 0}
  m_PrefabInstance: {fileID: 0}
  m_PrefabAsset: {fileID: 0}
  m_GameObject: {fileID: 2315687406782632389}
  m_Enabled: 1
  m_EditorHideFlags: 0
  m_Script: {fileID: 11500000, guid: b1cd12325ddae9c4da37c6cd4c9dfb6a, type: 3}
  m_Name: 
  m_EditorClassIdentifier: 
  anim: {fileID: 2315687405263278456}
  rb: {fileID: 2315687406782632384}
  ID: 
  spellType: 1
  spriteRendererList:
  - {fileID: 2315687405263278461}
  sleepEffect: {fileID: 8452556433086887562}
  dizzyCircle: {fileID: 8311890209128920300}
  slowEffect: {fileID: 6396128978973923381}
  freezeEffect: {fileID: 3186672068405823748}
  poisonEffect: {fileID: 4607317600177313247}
  disappearEffect: {fileID: 7181085527148384238, guid: eda8ecfe3dbde4244b98d1cde2c7ceba, type: 3}
  spe: 1
  atk: 7
  def: 5
  maxHp: 8
  hp: 8
  maxStamina: 0
  stamina: 0
  initSpe: 1
  staminaGain: 5
  expGain: 2
  coinDrop: 10
  coinPreFab: {fileID: 2379549075394999571, guid: b8e177d15463cbc458343e7323af19c6, type: 3}
  commonItemDrop: []
  rareItemDrop:
  - {fileID: 2379549075394999571, guid: e054ed8d93e11a54cae6f859d1505117, type: 3}
  - {fileID: 2379549075394999571, guid: 90e4fdc4d6ed5864287cefe827334f36, type: 3}
  - {fileID: 2379549075394999571, guid: 90e4fdc4d6ed5864287cefe827334f36, type: 3}
  epicItemDrop:
  - {fileID: 2379549075394999571, guid: e55f9f362e256234cb855d40e9f859e6, type: 3}
  - {fileID: 2379549075394999571, guid: 56df97fe05b07454e875a0a3f6da138a, type: 3}
  noEffectLayer:
    serializedVersion: 2
    m_Bits: 0
  superEffectLayer:
    serializedVersion: 2
    m_Bits: 0
  isNotMoveAway: 0
  isCanMove: 0
  isCanAttack: 0
  isVisible: 0
  damageTextPopup: {fileID: 404638945402566943, guid: eb855fd1efb581c408df1d871cb6a8a3, type: 3}
  spikes_toPool:
  - {fileID: 6398530860640869247}
  - {fileID: 7331733021533949944}
  - {fileID: 3539790762216379249}
  - {fileID: 5688596780757877}
  - {fileID: 6996797886711345453}
  - {fileID: 6014380884565838003}
  - {fileID: 3314622832825990803}
  - {fileID: 4851023280330361422}
  thisShadow: {fileID: 2315687406840865850}
  distanceToAttack: 5
  spikeTimer: 5
  timerHelper: 0
--- !u!114 &2315687406782632390
MonoBehaviour:
  m_ObjectHideFlags: 0
  m_CorrespondingSourceObject: {fileID: 0}
  m_PrefabInstance: {fileID: 0}
  m_PrefabAsset: {fileID: 0}
  m_GameObject: {fileID: 2315687406782632389}
  m_Enabled: 1
  m_EditorHideFlags: 0
  m_Script: {fileID: 11500000, guid: f5a691649ce3c4d428d7514755180ba0, type: 3}
  m_Name: 
  m_EditorClassIdentifier: 
  enemy: {fileID: 2315687406782632391}
  moveTime: 0.5
  waitTime: 0.5
  minDistanceDetectPlayer: 2
  maxDistanceDetectPlayer: 10
  canFlip: 1
  slimeCanMove: 1
  delayTime: 0
--- !u!1 &2315687406840865850
GameObject:
  m_ObjectHideFlags: 0
  m_CorrespondingSourceObject: {fileID: 0}
  m_PrefabInstance: {fileID: 0}
  m_PrefabAsset: {fileID: 0}
  serializedVersion: 6
  m_Component:
  - component: {fileID: 2315687406840865851}
  - component: {fileID: 2315687406840865828}
  m_Layer: 0
  m_Name: Shadow
  m_TagString: Untagged
  m_Icon: {fileID: 0}
  m_NavMeshLayer: 0
  m_StaticEditorFlags: 0
  m_IsActive: 1
--- !u!4 &2315687406840865851
Transform:
  m_ObjectHideFlags: 0
  m_CorrespondingSourceObject: {fileID: 0}
  m_PrefabInstance: {fileID: 0}
  m_PrefabAsset: {fileID: 0}
  m_GameObject: {fileID: 2315687406840865850}
  m_LocalRotation: {x: -0, y: -0, z: -0, w: 1}
  m_LocalPosition: {x: -0.05, y: 0, z: 0}
  m_LocalScale: {x: 1.5, y: 0.4, z: 1}
  m_ConstrainProportionsScale: 0
  m_Children: []
  m_Father: {fileID: 2315687406782632386}
  m_RootOrder: 1
  m_LocalEulerAnglesHint: {x: 0, y: 0, z: 0}
--- !u!212 &2315687406840865828
SpriteRenderer:
  m_ObjectHideFlags: 0
  m_CorrespondingSourceObject: {fileID: 0}
  m_PrefabInstance: {fileID: 0}
  m_PrefabAsset: {fileID: 0}
  m_GameObject: {fileID: 2315687406840865850}
  m_Enabled: 1
  m_CastShadows: 0
  m_ReceiveShadows: 0
  m_DynamicOccludee: 1
  m_StaticShadowCaster: 0
  m_MotionVectors: 1
  m_LightProbeUsage: 1
  m_ReflectionProbeUsage: 1
  m_RayTracingMode: 0
  m_RayTraceProcedural: 0
  m_RenderingLayerMask: 1
  m_RendererPriority: 0
  m_Materials:
  - {fileID: 2100000, guid: a97c105638bdf8b4a8650670310a4cd3, type: 2}
  m_StaticBatchInfo:
    firstSubMesh: 0
    subMeshCount: 0
  m_StaticBatchRoot: {fileID: 0}
  m_ProbeAnchor: {fileID: 0}
  m_LightProbeVolumeOverride: {fileID: 0}
  m_ScaleInLightmap: 1
  m_ReceiveGI: 1
  m_PreserveUVs: 0
  m_IgnoreNormalsForChartDetection: 0
  m_ImportantGI: 0
  m_StitchLightmapSeams: 1
  m_SelectedEditorRenderState: 0
  m_MinimumChartSize: 4
  m_AutoUVMaxDistance: 0.5
  m_AutoUVMaxAngle: 89
  m_LightmapParameters: {fileID: 0}
  m_SortingLayerID: -1010537361
  m_SortingLayer: -2
  m_SortingOrder: -10
  m_Sprite: {fileID: -2413806693520163455, guid: a86470a33a6bf42c4b3595704624658b, type: 3}
  m_Color: {r: 0, g: 0, b: 0, a: 0.19607843}
  m_FlipX: 0
  m_FlipY: 0
  m_DrawMode: 0
  m_Size: {x: 1, y: 1}
  m_AdaptiveModeThreshold: 0.5
  m_SpriteTileMode: 0
  m_WasSpriteAssigned: 1
  m_MaskInteraction: 0
  m_SpriteSortPoint: 0
--- !u!1001 &1763182078903235612
PrefabInstance:
  m_ObjectHideFlags: 0
  serializedVersion: 2
  m_Modification:
    m_TransformParent: {fileID: 2315687406782632386}
    m_Modifications:
    - target: {fileID: -2277860860401899516, guid: 2d5c2acc3a2c97b46a8bb974952341b4, type: 3}
      propertyPath: atk
      value: 5
      objectReference: {fileID: 0}
    - target: {fileID: 1759818379062904681, guid: 2d5c2acc3a2c97b46a8bb974952341b4, type: 3}
      propertyPath: m_Name
      value: Spike 3
      objectReference: {fileID: 0}
    - target: {fileID: 1759818379062904681, guid: 2d5c2acc3a2c97b46a8bb974952341b4, type: 3}
      propertyPath: m_IsActive
      value: 0
      objectReference: {fileID: 0}
    - target: {fileID: 3290298088012698611, guid: 2d5c2acc3a2c97b46a8bb974952341b4, type: 3}
      propertyPath: m_RootOrder
      value: 10
      objectReference: {fileID: 0}
    - target: {fileID: 3290298088012698611, guid: 2d5c2acc3a2c97b46a8bb974952341b4, type: 3}
      propertyPath: m_LocalPosition.x
      value: -1.09
      objectReference: {fileID: 0}
    - target: {fileID: 3290298088012698611, guid: 2d5c2acc3a2c97b46a8bb974952341b4, type: 3}
      propertyPath: m_LocalPosition.y
      value: 0.412
      objectReference: {fileID: 0}
    - target: {fileID: 3290298088012698611, guid: 2d5c2acc3a2c97b46a8bb974952341b4, type: 3}
      propertyPath: m_LocalPosition.z
      value: 0
      objectReference: {fileID: 0}
    - target: {fileID: 3290298088012698611, guid: 2d5c2acc3a2c97b46a8bb974952341b4, type: 3}
      propertyPath: m_LocalRotation.w
      value: 0
      objectReference: {fileID: 0}
    - target: {fileID: 3290298088012698611, guid: 2d5c2acc3a2c97b46a8bb974952341b4, type: 3}
      propertyPath: m_LocalRotation.x
      value: 0
      objectReference: {fileID: 0}
    - target: {fileID: 3290298088012698611, guid: 2d5c2acc3a2c97b46a8bb974952341b4, type: 3}
      propertyPath: m_LocalRotation.y
      value: 0
      objectReference: {fileID: 0}
    - target: {fileID: 3290298088012698611, guid: 2d5c2acc3a2c97b46a8bb974952341b4, type: 3}
      propertyPath: m_LocalRotation.z
      value: 1
      objectReference: {fileID: 0}
    - target: {fileID: 3290298088012698611, guid: 2d5c2acc3a2c97b46a8bb974952341b4, type: 3}
      propertyPath: m_LocalEulerAnglesHint.x
      value: 0
      objectReference: {fileID: 0}
    - target: {fileID: 3290298088012698611, guid: 2d5c2acc3a2c97b46a8bb974952341b4, type: 3}
      propertyPath: m_LocalEulerAnglesHint.y
      value: 0
      objectReference: {fileID: 0}
    - target: {fileID: 3290298088012698611, guid: 2d5c2acc3a2c97b46a8bb974952341b4, type: 3}
      propertyPath: m_LocalEulerAnglesHint.z
      value: 180
      objectReference: {fileID: 0}
    - target: {fileID: 6394088200885623327, guid: 2d5c2acc3a2c97b46a8bb974952341b4, type: 3}
      propertyPath: direction.x
      value: -1
      objectReference: {fileID: 0}
    m_RemovedComponents: []
  m_SourcePrefab: {fileID: 100100000, guid: 2d5c2acc3a2c97b46a8bb974952341b4, type: 3}
--- !u!1 &5688596780757877 stripped
GameObject:
  m_CorrespondingSourceObject: {fileID: 1759818379062904681, guid: 2d5c2acc3a2c97b46a8bb974952341b4, type: 3}
  m_PrefabInstance: {fileID: 1763182078903235612}
  m_PrefabAsset: {fileID: 0}
--- !u!4 &3877995584027125743 stripped
Transform:
  m_CorrespondingSourceObject: {fileID: 3290298088012698611, guid: 2d5c2acc3a2c97b46a8bb974952341b4, type: 3}
  m_PrefabInstance: {fileID: 1763182078903235612}
  m_PrefabAsset: {fileID: 0}
--- !u!1001 &2315687405724894540
PrefabInstance:
  m_ObjectHideFlags: 0
  serializedVersion: 2
  m_Modification:
    m_TransformParent: {fileID: 2315687406782632386}
    m_Modifications:
    - target: {fileID: 6015469306215215520, guid: 4f059b901ef31d444a66fb769e335faa, type: 3}
      propertyPath: m_Name
      value: DizzyCircle
      objectReference: {fileID: 0}
    - target: {fileID: 6015469306215215520, guid: 4f059b901ef31d444a66fb769e335faa, type: 3}
      propertyPath: m_IsActive
      value: 0
      objectReference: {fileID: 0}
    - target: {fileID: 6015469306215215521, guid: 4f059b901ef31d444a66fb769e335faa, type: 3}
      propertyPath: m_RootOrder
      value: 3
      objectReference: {fileID: 0}
    - target: {fileID: 6015469306215215521, guid: 4f059b901ef31d444a66fb769e335faa, type: 3}
      propertyPath: m_LocalPosition.x
      value: 0
      objectReference: {fileID: 0}
    - target: {fileID: 6015469306215215521, guid: 4f059b901ef31d444a66fb769e335faa, type: 3}
      propertyPath: m_LocalPosition.y
      value: 1.09
      objectReference: {fileID: 0}
    - target: {fileID: 6015469306215215521, guid: 4f059b901ef31d444a66fb769e335faa, type: 3}
      propertyPath: m_LocalPosition.z
      value: 0
      objectReference: {fileID: 0}
    - target: {fileID: 6015469306215215521, guid: 4f059b901ef31d444a66fb769e335faa, type: 3}
      propertyPath: m_LocalRotation.w
      value: 1
      objectReference: {fileID: 0}
    - target: {fileID: 6015469306215215521, guid: 4f059b901ef31d444a66fb769e335faa, type: 3}
      propertyPath: m_LocalRotation.x
      value: -0
      objectReference: {fileID: 0}
    - target: {fileID: 6015469306215215521, guid: 4f059b901ef31d444a66fb769e335faa, type: 3}
      propertyPath: m_LocalRotation.y
      value: -0
      objectReference: {fileID: 0}
    - target: {fileID: 6015469306215215521, guid: 4f059b901ef31d444a66fb769e335faa, type: 3}
      propertyPath: m_LocalRotation.z
      value: -0
      objectReference: {fileID: 0}
    - target: {fileID: 6015469306215215521, guid: 4f059b901ef31d444a66fb769e335faa, type: 3}
      propertyPath: m_LocalEulerAnglesHint.x
      value: 0
      objectReference: {fileID: 0}
    - target: {fileID: 6015469306215215521, guid: 4f059b901ef31d444a66fb769e335faa, type: 3}
      propertyPath: m_LocalEulerAnglesHint.y
      value: 0
      objectReference: {fileID: 0}
    - target: {fileID: 6015469306215215521, guid: 4f059b901ef31d444a66fb769e335faa, type: 3}
      propertyPath: m_LocalEulerAnglesHint.z
      value: 0
      objectReference: {fileID: 0}
    m_RemovedComponents: []
  m_SourcePrefab: {fileID: 100100000, guid: 4f059b901ef31d444a66fb769e335faa, type: 3}
--- !u!1 &8311890209128920300 stripped
GameObject:
  m_CorrespondingSourceObject: {fileID: 6015469306215215520, guid: 4f059b901ef31d444a66fb769e335faa, type: 3}
  m_PrefabInstance: {fileID: 2315687405724894540}
  m_PrefabAsset: {fileID: 0}
--- !u!4 &8311890209128920301 stripped
Transform:
  m_CorrespondingSourceObject: {fileID: 6015469306215215521, guid: 4f059b901ef31d444a66fb769e335faa, type: 3}
  m_PrefabInstance: {fileID: 2315687405724894540}
  m_PrefabAsset: {fileID: 0}
--- !u!1001 &2315687406309412669
PrefabInstance:
  m_ObjectHideFlags: 0
  serializedVersion: 2
  m_Modification:
    m_TransformParent: {fileID: 2315687406782632386}
    m_Modifications:
    - target: {fileID: 6156273526144580023, guid: 8ef5131fc4cf8fb4ba75d61fc1b6c7d6, type: 3}
      propertyPath: m_Name
      value: SleepEffect
      objectReference: {fileID: 0}
    - target: {fileID: 6156273526144580023, guid: 8ef5131fc4cf8fb4ba75d61fc1b6c7d6, type: 3}
      propertyPath: m_IsActive
      value: 0
      objectReference: {fileID: 0}
    - target: {fileID: 6156273526144580024, guid: 8ef5131fc4cf8fb4ba75d61fc1b6c7d6, type: 3}
      propertyPath: m_RootOrder
      value: 2
      objectReference: {fileID: 0}
    - target: {fileID: 6156273526144580024, guid: 8ef5131fc4cf8fb4ba75d61fc1b6c7d6, type: 3}
      propertyPath: m_LocalPosition.x
      value: 0
      objectReference: {fileID: 0}
    - target: {fileID: 6156273526144580024, guid: 8ef5131fc4cf8fb4ba75d61fc1b6c7d6, type: 3}
      propertyPath: m_LocalPosition.y
      value: 0.61
      objectReference: {fileID: 0}
    - target: {fileID: 6156273526144580024, guid: 8ef5131fc4cf8fb4ba75d61fc1b6c7d6, type: 3}
      propertyPath: m_LocalPosition.z
      value: 0
      objectReference: {fileID: 0}
    - target: {fileID: 6156273526144580024, guid: 8ef5131fc4cf8fb4ba75d61fc1b6c7d6, type: 3}
      propertyPath: m_LocalRotation.w
      value: 1
      objectReference: {fileID: 0}
    - target: {fileID: 6156273526144580024, guid: 8ef5131fc4cf8fb4ba75d61fc1b6c7d6, type: 3}
      propertyPath: m_LocalRotation.x
      value: -0
      objectReference: {fileID: 0}
    - target: {fileID: 6156273526144580024, guid: 8ef5131fc4cf8fb4ba75d61fc1b6c7d6, type: 3}
      propertyPath: m_LocalRotation.y
      value: -0
      objectReference: {fileID: 0}
    - target: {fileID: 6156273526144580024, guid: 8ef5131fc4cf8fb4ba75d61fc1b6c7d6, type: 3}
      propertyPath: m_LocalRotation.z
      value: -0
      objectReference: {fileID: 0}
    - target: {fileID: 6156273526144580024, guid: 8ef5131fc4cf8fb4ba75d61fc1b6c7d6, type: 3}
      propertyPath: m_LocalEulerAnglesHint.x
      value: 0
      objectReference: {fileID: 0}
    - target: {fileID: 6156273526144580024, guid: 8ef5131fc4cf8fb4ba75d61fc1b6c7d6, type: 3}
      propertyPath: m_LocalEulerAnglesHint.y
      value: 0
      objectReference: {fileID: 0}
    - target: {fileID: 6156273526144580024, guid: 8ef5131fc4cf8fb4ba75d61fc1b6c7d6, type: 3}
      propertyPath: m_LocalEulerAnglesHint.z
      value: 0
      objectReference: {fileID: 0}
    m_RemovedComponents: []
  m_SourcePrefab: {fileID: 100100000, guid: 8ef5131fc4cf8fb4ba75d61fc1b6c7d6, type: 3}
--- !u!4 &8452556433086887557 stripped
Transform:
  m_CorrespondingSourceObject: {fileID: 6156273526144580024, guid: 8ef5131fc4cf8fb4ba75d61fc1b6c7d6, type: 3}
  m_PrefabInstance: {fileID: 2315687406309412669}
  m_PrefabAsset: {fileID: 0}
--- !u!1 &8452556433086887562 stripped
GameObject:
  m_CorrespondingSourceObject: {fileID: 6156273526144580023, guid: 8ef5131fc4cf8fb4ba75d61fc1b6c7d6, type: 3}
  m_PrefabInstance: {fileID: 2315687406309412669}
  m_PrefabAsset: {fileID: 0}
--- !u!1001 &2315687406671439678
PrefabInstance:
  m_ObjectHideFlags: 0
  serializedVersion: 2
  m_Modification:
    m_TransformParent: {fileID: 2315687406782632386}
    m_Modifications:
    - target: {fileID: 1433294762878378647, guid: 5609b58276211724489d04d732c683ff, type: 3}
      propertyPath: m_RootOrder
      value: 4
      objectReference: {fileID: 0}
    - target: {fileID: 1433294762878378647, guid: 5609b58276211724489d04d732c683ff, type: 3}
      propertyPath: m_LocalScale.x
      value: 2.5
      objectReference: {fileID: 0}
    - target: {fileID: 1433294762878378647, guid: 5609b58276211724489d04d732c683ff, type: 3}
      propertyPath: m_LocalPosition.x
      value: -0.04
      objectReference: {fileID: 0}
    - target: {fileID: 1433294762878378647, guid: 5609b58276211724489d04d732c683ff, type: 3}
      propertyPath: m_LocalPosition.y
      value: 0.3
      objectReference: {fileID: 0}
    - target: {fileID: 1433294762878378647, guid: 5609b58276211724489d04d732c683ff, type: 3}
      propertyPath: m_LocalPosition.z
      value: 0
      objectReference: {fileID: 0}
    - target: {fileID: 1433294762878378647, guid: 5609b58276211724489d04d732c683ff, type: 3}
      propertyPath: m_LocalRotation.w
      value: 1
      objectReference: {fileID: 0}
    - target: {fileID: 1433294762878378647, guid: 5609b58276211724489d04d732c683ff, type: 3}
      propertyPath: m_LocalRotation.x
      value: -0
      objectReference: {fileID: 0}
    - target: {fileID: 1433294762878378647, guid: 5609b58276211724489d04d732c683ff, type: 3}
      propertyPath: m_LocalRotation.y
      value: -0
      objectReference: {fileID: 0}
    - target: {fileID: 1433294762878378647, guid: 5609b58276211724489d04d732c683ff, type: 3}
      propertyPath: m_LocalRotation.z
      value: -0
      objectReference: {fileID: 0}
    - target: {fileID: 1433294762878378647, guid: 5609b58276211724489d04d732c683ff, type: 3}
      propertyPath: m_LocalEulerAnglesHint.x
      value: 0
      objectReference: {fileID: 0}
    - target: {fileID: 1433294762878378647, guid: 5609b58276211724489d04d732c683ff, type: 3}
      propertyPath: m_LocalEulerAnglesHint.y
      value: 0
      objectReference: {fileID: 0}
    - target: {fileID: 1433294762878378647, guid: 5609b58276211724489d04d732c683ff, type: 3}
      propertyPath: m_LocalEulerAnglesHint.z
      value: 0
      objectReference: {fileID: 0}
    - target: {fileID: 8710353133192986379, guid: 5609b58276211724489d04d732c683ff, type: 3}
      propertyPath: m_Name
      value: SlowEffect
      objectReference: {fileID: 0}
    - target: {fileID: 8710353133192986379, guid: 5609b58276211724489d04d732c683ff, type: 3}
      propertyPath: m_IsActive
      value: 0
      objectReference: {fileID: 0}
    m_RemovedComponents: []
  m_SourcePrefab: {fileID: 100100000, guid: 5609b58276211724489d04d732c683ff, type: 3}
--- !u!4 &3730929458680694185 stripped
Transform:
  m_CorrespondingSourceObject: {fileID: 1433294762878378647, guid: 5609b58276211724489d04d732c683ff, type: 3}
  m_PrefabInstance: {fileID: 2315687406671439678}
  m_PrefabAsset: {fileID: 0}
--- !u!1 &6396128978973923381 stripped
GameObject:
  m_CorrespondingSourceObject: {fileID: 8710353133192986379, guid: 5609b58276211724489d04d732c683ff, type: 3}
  m_PrefabInstance: {fileID: 2315687406671439678}
  m_PrefabAsset: {fileID: 0}
--- !u!1001 &2315687407027868971
PrefabInstance:
  m_ObjectHideFlags: 0
  serializedVersion: 2
  m_Modification:
    m_TransformParent: {fileID: 2315687406782632386}
    m_Modifications:
    - target: {fileID: 2293039879866843380, guid: 2eb5bce0da386ad418042569087c9966, type: 3}
      propertyPath: m_Name
      value: PoisonEffect
      objectReference: {fileID: 0}
    - target: {fileID: 2293039879866843380, guid: 2eb5bce0da386ad418042569087c9966, type: 3}
      propertyPath: m_IsActive
      value: 0
      objectReference: {fileID: 0}
    - target: {fileID: 5451433602608038457, guid: 2eb5bce0da386ad418042569087c9966, type: 3}
      propertyPath: m_RootOrder
      value: 6
      objectReference: {fileID: 0}
    - target: {fileID: 5451433602608038457, guid: 2eb5bce0da386ad418042569087c9966, type: 3}
      propertyPath: m_LocalPosition.x
      value: -0.15
      objectReference: {fileID: 0}
    - target: {fileID: 5451433602608038457, guid: 2eb5bce0da386ad418042569087c9966, type: 3}
      propertyPath: m_LocalPosition.y
      value: 0.96
      objectReference: {fileID: 0}
    - target: {fileID: 5451433602608038457, guid: 2eb5bce0da386ad418042569087c9966, type: 3}
      propertyPath: m_LocalPosition.z
      value: 0
      objectReference: {fileID: 0}
    - target: {fileID: 5451433602608038457, guid: 2eb5bce0da386ad418042569087c9966, type: 3}
      propertyPath: m_LocalRotation.w
      value: 1
      objectReference: {fileID: 0}
    - target: {fileID: 5451433602608038457, guid: 2eb5bce0da386ad418042569087c9966, type: 3}
      propertyPath: m_LocalRotation.x
      value: -0
      objectReference: {fileID: 0}
    - target: {fileID: 5451433602608038457, guid: 2eb5bce0da386ad418042569087c9966, type: 3}
      propertyPath: m_LocalRotation.y
      value: -0
      objectReference: {fileID: 0}
    - target: {fileID: 5451433602608038457, guid: 2eb5bce0da386ad418042569087c9966, type: 3}
      propertyPath: m_LocalRotation.z
      value: -0
      objectReference: {fileID: 0}
    - target: {fileID: 5451433602608038457, guid: 2eb5bce0da386ad418042569087c9966, type: 3}
      propertyPath: m_LocalEulerAnglesHint.x
      value: 0
      objectReference: {fileID: 0}
    - target: {fileID: 5451433602608038457, guid: 2eb5bce0da386ad418042569087c9966, type: 3}
      propertyPath: m_LocalEulerAnglesHint.y
      value: 0
      objectReference: {fileID: 0}
    - target: {fileID: 5451433602608038457, guid: 2eb5bce0da386ad418042569087c9966, type: 3}
      propertyPath: m_LocalEulerAnglesHint.z
      value: 0
      objectReference: {fileID: 0}
    m_RemovedComponents: []
  m_SourcePrefab: {fileID: 100100000, guid: 2eb5bce0da386ad418042569087c9966, type: 3}
--- !u!1 &4607317600177313247 stripped
GameObject:
  m_CorrespondingSourceObject: {fileID: 2293039879866843380, guid: 2eb5bce0da386ad418042569087c9966, type: 3}
  m_PrefabInstance: {fileID: 2315687407027868971}
  m_PrefabAsset: {fileID: 0}
--- !u!4 &7747766512339474194 stripped
Transform:
  m_CorrespondingSourceObject: {fileID: 5451433602608038457, guid: 2eb5bce0da386ad418042569087c9966, type: 3}
  m_PrefabInstance: {fileID: 2315687407027868971}
  m_PrefabAsset: {fileID: 0}
--- !u!1001 &2315687407030499199
PrefabInstance:
  m_ObjectHideFlags: 0
  serializedVersion: 2
  m_Modification:
    m_TransformParent: {fileID: 2315687406782632386}
    m_Modifications:
    - target: {fileID: 872480282334789243, guid: 909fd9330a16d264fabf05009d33397f, type: 3}
      propertyPath: m_Name
      value: FreezeEffect
      objectReference: {fileID: 0}
    - target: {fileID: 872480282334789243, guid: 909fd9330a16d264fabf05009d33397f, type: 3}
      propertyPath: m_IsActive
      value: 0
      objectReference: {fileID: 0}
    - target: {fileID: 2969809648145306634, guid: 909fd9330a16d264fabf05009d33397f, type: 3}
      propertyPath: m_RootOrder
      value: 5
      objectReference: {fileID: 0}
    - target: {fileID: 2969809648145306634, guid: 909fd9330a16d264fabf05009d33397f, type: 3}
      propertyPath: m_LocalScale.x
      value: 2
      objectReference: {fileID: 0}
    - target: {fileID: 2969809648145306634, guid: 909fd9330a16d264fabf05009d33397f, type: 3}
      propertyPath: m_LocalScale.y
      value: 2
      objectReference: {fileID: 0}
    - target: {fileID: 2969809648145306634, guid: 909fd9330a16d264fabf05009d33397f, type: 3}
      propertyPath: m_LocalPosition.x
      value: -0.09
      objectReference: {fileID: 0}
    - target: {fileID: 2969809648145306634, guid: 909fd9330a16d264fabf05009d33397f, type: 3}
      propertyPath: m_LocalPosition.y
      value: 0
      objectReference: {fileID: 0}
    - target: {fileID: 2969809648145306634, guid: 909fd9330a16d264fabf05009d33397f, type: 3}
      propertyPath: m_LocalPosition.z
      value: 0
      objectReference: {fileID: 0}
    - target: {fileID: 2969809648145306634, guid: 909fd9330a16d264fabf05009d33397f, type: 3}
      propertyPath: m_LocalRotation.w
      value: 1
      objectReference: {fileID: 0}
    - target: {fileID: 2969809648145306634, guid: 909fd9330a16d264fabf05009d33397f, type: 3}
      propertyPath: m_LocalRotation.x
      value: -0
      objectReference: {fileID: 0}
    - target: {fileID: 2969809648145306634, guid: 909fd9330a16d264fabf05009d33397f, type: 3}
      propertyPath: m_LocalRotation.y
      value: -0
      objectReference: {fileID: 0}
    - target: {fileID: 2969809648145306634, guid: 909fd9330a16d264fabf05009d33397f, type: 3}
      propertyPath: m_LocalRotation.z
      value: -0
      objectReference: {fileID: 0}
    - target: {fileID: 2969809648145306634, guid: 909fd9330a16d264fabf05009d33397f, type: 3}
      propertyPath: m_LocalEulerAnglesHint.x
      value: 0
      objectReference: {fileID: 0}
    - target: {fileID: 2969809648145306634, guid: 909fd9330a16d264fabf05009d33397f, type: 3}
      propertyPath: m_LocalEulerAnglesHint.y
      value: 0
      objectReference: {fileID: 0}
    - target: {fileID: 2969809648145306634, guid: 909fd9330a16d264fabf05009d33397f, type: 3}
      propertyPath: m_LocalEulerAnglesHint.z
      value: 0
      objectReference: {fileID: 0}
    m_RemovedComponents: []
  m_SourcePrefab: {fileID: 100100000, guid: 909fd9330a16d264fabf05009d33397f, type: 3}
--- !u!4 &654177870161077109 stripped
Transform:
  m_CorrespondingSourceObject: {fileID: 2969809648145306634, guid: 909fd9330a16d264fabf05009d33397f, type: 3}
  m_PrefabInstance: {fileID: 2315687407030499199}
  m_PrefabAsset: {fileID: 0}
--- !u!1 &3186672068405823748 stripped
GameObject:
  m_CorrespondingSourceObject: {fileID: 872480282334789243, guid: 909fd9330a16d264fabf05009d33397f, type: 3}
  m_PrefabInstance: {fileID: 2315687407030499199}
  m_PrefabAsset: {fileID: 0}
--- !u!1001 &2987009757629535256
PrefabInstance:
  m_ObjectHideFlags: 0
  serializedVersion: 2
  m_Modification:
    m_TransformParent: {fileID: 2315687406782632386}
    m_Modifications:
    - target: {fileID: -2277860860401899516, guid: 2d5c2acc3a2c97b46a8bb974952341b4, type: 3}
      propertyPath: atk
      value: 5
      objectReference: {fileID: 0}
    - target: {fileID: 1759818379062904681, guid: 2d5c2acc3a2c97b46a8bb974952341b4, type: 3}
      propertyPath: m_Name
      value: Spike 2
      objectReference: {fileID: 0}
    - target: {fileID: 1759818379062904681, guid: 2d5c2acc3a2c97b46a8bb974952341b4, type: 3}
      propertyPath: m_IsActive
      value: 0
      objectReference: {fileID: 0}
    - target: {fileID: 3290298088012698611, guid: 2d5c2acc3a2c97b46a8bb974952341b4, type: 3}
      propertyPath: m_RootOrder
      value: 9
      objectReference: {fileID: 0}
    - target: {fileID: 3290298088012698611, guid: 2d5c2acc3a2c97b46a8bb974952341b4, type: 3}
      propertyPath: m_LocalPosition.x
      value: -0.01
      objectReference: {fileID: 0}
    - target: {fileID: 3290298088012698611, guid: 2d5c2acc3a2c97b46a8bb974952341b4, type: 3}
      propertyPath: m_LocalPosition.y
      value: 1.35
      objectReference: {fileID: 0}
    - target: {fileID: 3290298088012698611, guid: 2d5c2acc3a2c97b46a8bb974952341b4, type: 3}
      propertyPath: m_LocalPosition.z
      value: 0
      objectReference: {fileID: 0}
    - target: {fileID: 3290298088012698611, guid: 2d5c2acc3a2c97b46a8bb974952341b4, type: 3}
      propertyPath: m_LocalRotation.w
      value: 0.7071068
      objectReference: {fileID: 0}
    - target: {fileID: 3290298088012698611, guid: 2d5c2acc3a2c97b46a8bb974952341b4, type: 3}
      propertyPath: m_LocalRotation.x
      value: 0
      objectReference: {fileID: 0}
    - target: {fileID: 3290298088012698611, guid: 2d5c2acc3a2c97b46a8bb974952341b4, type: 3}
      propertyPath: m_LocalRotation.y
      value: 0
      objectReference: {fileID: 0}
    - target: {fileID: 3290298088012698611, guid: 2d5c2acc3a2c97b46a8bb974952341b4, type: 3}
      propertyPath: m_LocalRotation.z
      value: 0.7071068
      objectReference: {fileID: 0}
    - target: {fileID: 3290298088012698611, guid: 2d5c2acc3a2c97b46a8bb974952341b4, type: 3}
      propertyPath: m_LocalEulerAnglesHint.x
      value: 0
      objectReference: {fileID: 0}
    - target: {fileID: 3290298088012698611, guid: 2d5c2acc3a2c97b46a8bb974952341b4, type: 3}
      propertyPath: m_LocalEulerAnglesHint.y
      value: 0
      objectReference: {fileID: 0}
    - target: {fileID: 3290298088012698611, guid: 2d5c2acc3a2c97b46a8bb974952341b4, type: 3}
      propertyPath: m_LocalEulerAnglesHint.z
      value: 90
      objectReference: {fileID: 0}
    - target: {fileID: 6394088200885623327, guid: 2d5c2acc3a2c97b46a8bb974952341b4, type: 3}
      propertyPath: direction.y
      value: 1
      objectReference: {fileID: 0}
    m_RemovedComponents: []
  m_SourcePrefab: {fileID: 100100000, guid: 2d5c2acc3a2c97b46a8bb974952341b4, type: 3}
--- !u!4 &349733903516731371 stripped
Transform:
  m_CorrespondingSourceObject: {fileID: 3290298088012698611, guid: 2d5c2acc3a2c97b46a8bb974952341b4, type: 3}
  m_PrefabInstance: {fileID: 2987009757629535256}
  m_PrefabAsset: {fileID: 0}
--- !u!1 &3539790762216379249 stripped
GameObject:
  m_CorrespondingSourceObject: {fileID: 1759818379062904681, guid: 2d5c2acc3a2c97b46a8bb974952341b4, type: 3}
  m_PrefabInstance: {fileID: 2987009757629535256}
  m_PrefabAsset: {fileID: 0}
--- !u!1001 &3860647671584946682
PrefabInstance:
  m_ObjectHideFlags: 0
  serializedVersion: 2
  m_Modification:
    m_TransformParent: {fileID: 2315687406782632386}
    m_Modifications:
    - target: {fileID: -2277860860401899516, guid: 2d5c2acc3a2c97b46a8bb974952341b4, type: 3}
      propertyPath: atk
      value: 5
      objectReference: {fileID: 0}
    - target: {fileID: 1759818379062904681, guid: 2d5c2acc3a2c97b46a8bb974952341b4, type: 3}
      propertyPath: m_Name
      value: Spike 6
      objectReference: {fileID: 0}
    - target: {fileID: 1759818379062904681, guid: 2d5c2acc3a2c97b46a8bb974952341b4, type: 3}
      propertyPath: m_IsActive
      value: 0
      objectReference: {fileID: 0}
    - target: {fileID: 3290298088012698611, guid: 2d5c2acc3a2c97b46a8bb974952341b4, type: 3}
      propertyPath: m_RootOrder
      value: 13
      objectReference: {fileID: 0}
    - target: {fileID: 3290298088012698611, guid: 2d5c2acc3a2c97b46a8bb974952341b4, type: 3}
      propertyPath: m_LocalPosition.x
      value: 0.75
      objectReference: {fileID: 0}
    - target: {fileID: 3290298088012698611, guid: 2d5c2acc3a2c97b46a8bb974952341b4, type: 3}
      propertyPath: m_LocalPosition.y
      value: -0.088
      objectReference: {fileID: 0}
    - target: {fileID: 3290298088012698611, guid: 2d5c2acc3a2c97b46a8bb974952341b4, type: 3}
      propertyPath: m_LocalPosition.z
      value: 0
      objectReference: {fileID: 0}
    - target: {fileID: 3290298088012698611, guid: 2d5c2acc3a2c97b46a8bb974952341b4, type: 3}
      propertyPath: m_LocalRotation.w
      value: 0.92387956
      objectReference: {fileID: 0}
    - target: {fileID: 3290298088012698611, guid: 2d5c2acc3a2c97b46a8bb974952341b4, type: 3}
      propertyPath: m_LocalRotation.x
      value: 0
      objectReference: {fileID: 0}
    - target: {fileID: 3290298088012698611, guid: 2d5c2acc3a2c97b46a8bb974952341b4, type: 3}
      propertyPath: m_LocalRotation.y
      value: 0
      objectReference: {fileID: 0}
    - target: {fileID: 3290298088012698611, guid: 2d5c2acc3a2c97b46a8bb974952341b4, type: 3}
      propertyPath: m_LocalRotation.z
      value: -0.38268343
      objectReference: {fileID: 0}
    - target: {fileID: 3290298088012698611, guid: 2d5c2acc3a2c97b46a8bb974952341b4, type: 3}
      propertyPath: m_LocalEulerAnglesHint.x
      value: 0
      objectReference: {fileID: 0}
    - target: {fileID: 3290298088012698611, guid: 2d5c2acc3a2c97b46a8bb974952341b4, type: 3}
      propertyPath: m_LocalEulerAnglesHint.y
      value: 0
      objectReference: {fileID: 0}
    - target: {fileID: 3290298088012698611, guid: 2d5c2acc3a2c97b46a8bb974952341b4, type: 3}
      propertyPath: m_LocalEulerAnglesHint.z
      value: -45
      objectReference: {fileID: 0}
    - target: {fileID: 6394088200885623327, guid: 2d5c2acc3a2c97b46a8bb974952341b4, type: 3}
      propertyPath: direction.x
      value: 1
      objectReference: {fileID: 0}
    - target: {fileID: 6394088200885623327, guid: 2d5c2acc3a2c97b46a8bb974952341b4, type: 3}
      propertyPath: direction.y
      value: -1
      objectReference: {fileID: 0}
    m_RemovedComponents: []
  m_SourcePrefab: {fileID: 100100000, guid: 2d5c2acc3a2c97b46a8bb974952341b4, type: 3}
--- !u!4 &1745912554953550345 stripped
Transform:
  m_CorrespondingSourceObject: {fileID: 3290298088012698611, guid: 2d5c2acc3a2c97b46a8bb974952341b4, type: 3}
  m_PrefabInstance: {fileID: 3860647671584946682}
  m_PrefabAsset: {fileID: 0}
--- !u!1 &3314622832825990803 stripped
GameObject:
  m_CorrespondingSourceObject: {fileID: 1759818379062904681, guid: 2d5c2acc3a2c97b46a8bb974952341b4, type: 3}
  m_PrefabInstance: {fileID: 3860647671584946682}
  m_PrefabAsset: {fileID: 0}
--- !u!1001 &4656727062661307414
PrefabInstance:
  m_ObjectHideFlags: 0
  serializedVersion: 2
  m_Modification:
    m_TransformParent: {fileID: 2315687406782632386}
    m_Modifications:
    - target: {fileID: -2277860860401899516, guid: 2d5c2acc3a2c97b46a8bb974952341b4, type: 3}
      propertyPath: atk
      value: 5
      objectReference: {fileID: 0}
    - target: {fileID: 1759818379062904681, guid: 2d5c2acc3a2c97b46a8bb974952341b4, type: 3}
      propertyPath: m_Name
      value: Spike
      objectReference: {fileID: 0}
    - target: {fileID: 1759818379062904681, guid: 2d5c2acc3a2c97b46a8bb974952341b4, type: 3}
      propertyPath: m_IsActive
      value: 0
      objectReference: {fileID: 0}
    - target: {fileID: 3290298088012698611, guid: 2d5c2acc3a2c97b46a8bb974952341b4, type: 3}
      propertyPath: m_RootOrder
      value: 7
      objectReference: {fileID: 0}
    - target: {fileID: 3290298088012698611, guid: 2d5c2acc3a2c97b46a8bb974952341b4, type: 3}
      propertyPath: m_LocalPosition.x
      value: 0.8970002
      objectReference: {fileID: 0}
    - target: {fileID: 3290298088012698611, guid: 2d5c2acc3a2c97b46a8bb974952341b4, type: 3}
      propertyPath: m_LocalPosition.y
      value: 0.412
      objectReference: {fileID: 0}
    - target: {fileID: 3290298088012698611, guid: 2d5c2acc3a2c97b46a8bb974952341b4, type: 3}
      propertyPath: m_LocalPosition.z
      value: 0
      objectReference: {fileID: 0}
    - target: {fileID: 3290298088012698611, guid: 2d5c2acc3a2c97b46a8bb974952341b4, type: 3}
      propertyPath: m_LocalRotation.w
      value: 1
      objectReference: {fileID: 0}
    - target: {fileID: 3290298088012698611, guid: 2d5c2acc3a2c97b46a8bb974952341b4, type: 3}
      propertyPath: m_LocalRotation.x
      value: -0
      objectReference: {fileID: 0}
    - target: {fileID: 3290298088012698611, guid: 2d5c2acc3a2c97b46a8bb974952341b4, type: 3}
      propertyPath: m_LocalRotation.y
      value: -0
      objectReference: {fileID: 0}
    - target: {fileID: 3290298088012698611, guid: 2d5c2acc3a2c97b46a8bb974952341b4, type: 3}
      propertyPath: m_LocalRotation.z
      value: -0
      objectReference: {fileID: 0}
    - target: {fileID: 3290298088012698611, guid: 2d5c2acc3a2c97b46a8bb974952341b4, type: 3}
      propertyPath: m_LocalEulerAnglesHint.x
      value: 0
      objectReference: {fileID: 0}
    - target: {fileID: 3290298088012698611, guid: 2d5c2acc3a2c97b46a8bb974952341b4, type: 3}
      propertyPath: m_LocalEulerAnglesHint.y
      value: 0
      objectReference: {fileID: 0}
    - target: {fileID: 3290298088012698611, guid: 2d5c2acc3a2c97b46a8bb974952341b4, type: 3}
      propertyPath: m_LocalEulerAnglesHint.z
      value: 0
      objectReference: {fileID: 0}
    - target: {fileID: 6394088200885623327, guid: 2d5c2acc3a2c97b46a8bb974952341b4, type: 3}
      propertyPath: direction.x
      value: 1
      objectReference: {fileID: 0}
    m_RemovedComponents: []
  m_SourcePrefab: {fileID: 100100000, guid: 2d5c2acc3a2c97b46a8bb974952341b4, type: 3}
--- !u!1 &6398530860640869247 stripped
GameObject:
  m_CorrespondingSourceObject: {fileID: 1759818379062904681, guid: 2d5c2acc3a2c97b46a8bb974952341b4, type: 3}
  m_PrefabInstance: {fileID: 4656727062661307414}
  m_PrefabAsset: {fileID: 0}
--- !u!4 &7856943219534516197 stripped
Transform:
  m_CorrespondingSourceObject: {fileID: 3290298088012698611, guid: 2d5c2acc3a2c97b46a8bb974952341b4, type: 3}
  m_PrefabInstance: {fileID: 4656727062661307414}
  m_PrefabAsset: {fileID: 0}
--- !u!1001 &5412058952400490458
PrefabInstance:
  m_ObjectHideFlags: 0
  serializedVersion: 2
  m_Modification:
    m_TransformParent: {fileID: 2315687406782632386}
    m_Modifications:
    - target: {fileID: -2277860860401899516, guid: 2d5c2acc3a2c97b46a8bb974952341b4, type: 3}
      propertyPath: atk
      value: 5
      objectReference: {fileID: 0}
    - target: {fileID: 1759818379062904681, guid: 2d5c2acc3a2c97b46a8bb974952341b4, type: 3}
      propertyPath: m_Name
      value: Spike 5
      objectReference: {fileID: 0}
    - target: {fileID: 1759818379062904681, guid: 2d5c2acc3a2c97b46a8bb974952341b4, type: 3}
      propertyPath: m_IsActive
      value: 0
      objectReference: {fileID: 0}
    - target: {fileID: 3290298088012698611, guid: 2d5c2acc3a2c97b46a8bb974952341b4, type: 3}
      propertyPath: m_RootOrder
      value: 12
      objectReference: {fileID: 0}
    - target: {fileID: 3290298088012698611, guid: 2d5c2acc3a2c97b46a8bb974952341b4, type: 3}
      propertyPath: m_LocalPosition.x
      value: -0.7760001
      objectReference: {fileID: 0}
    - target: {fileID: 3290298088012698611, guid: 2d5c2acc3a2c97b46a8bb974952341b4, type: 3}
      propertyPath: m_LocalPosition.y
      value: -0.147
      objectReference: {fileID: 0}
    - target: {fileID: 3290298088012698611, guid: 2d5c2acc3a2c97b46a8bb974952341b4, type: 3}
      propertyPath: m_LocalPosition.z
      value: 0
      objectReference: {fileID: 0}
    - target: {fileID: 3290298088012698611, guid: 2d5c2acc3a2c97b46a8bb974952341b4, type: 3}
      propertyPath: m_LocalRotation.w
      value: 0.38268343
      objectReference: {fileID: 0}
    - target: {fileID: 3290298088012698611, guid: 2d5c2acc3a2c97b46a8bb974952341b4, type: 3}
      propertyPath: m_LocalRotation.x
      value: 0
      objectReference: {fileID: 0}
    - target: {fileID: 3290298088012698611, guid: 2d5c2acc3a2c97b46a8bb974952341b4, type: 3}
      propertyPath: m_LocalRotation.y
      value: 0
      objectReference: {fileID: 0}
    - target: {fileID: 3290298088012698611, guid: 2d5c2acc3a2c97b46a8bb974952341b4, type: 3}
      propertyPath: m_LocalRotation.z
      value: -0.92387956
      objectReference: {fileID: 0}
    - target: {fileID: 3290298088012698611, guid: 2d5c2acc3a2c97b46a8bb974952341b4, type: 3}
      propertyPath: m_LocalEulerAnglesHint.x
      value: 0
      objectReference: {fileID: 0}
    - target: {fileID: 3290298088012698611, guid: 2d5c2acc3a2c97b46a8bb974952341b4, type: 3}
      propertyPath: m_LocalEulerAnglesHint.y
      value: 0
      objectReference: {fileID: 0}
    - target: {fileID: 3290298088012698611, guid: 2d5c2acc3a2c97b46a8bb974952341b4, type: 3}
      propertyPath: m_LocalEulerAnglesHint.z
      value: -135
      objectReference: {fileID: 0}
    - target: {fileID: 6394088200885623327, guid: 2d5c2acc3a2c97b46a8bb974952341b4, type: 3}
      propertyPath: direction.x
      value: -1
      objectReference: {fileID: 0}
    - target: {fileID: 6394088200885623327, guid: 2d5c2acc3a2c97b46a8bb974952341b4, type: 3}
      propertyPath: direction.y
      value: -1
      objectReference: {fileID: 0}
    m_RemovedComponents: []
  m_SourcePrefab: {fileID: 100100000, guid: 2d5c2acc3a2c97b46a8bb974952341b4, type: 3}
--- !u!1 &6014380884565838003 stripped
GameObject:
  m_CorrespondingSourceObject: {fileID: 1759818379062904681, guid: 2d5c2acc3a2c97b46a8bb974952341b4, type: 3}
  m_PrefabInstance: {fileID: 5412058952400490458}
  m_PrefabAsset: {fileID: 0}
--- !u!4 &7399979735178615849 stripped
Transform:
  m_CorrespondingSourceObject: {fileID: 3290298088012698611, guid: 2d5c2acc3a2c97b46a8bb974952341b4, type: 3}
  m_PrefabInstance: {fileID: 5412058952400490458}
  m_PrefabAsset: {fileID: 0}
--- !u!1001 &6574809626880134439
PrefabInstance:
  m_ObjectHideFlags: 0
  serializedVersion: 2
  m_Modification:
    m_TransformParent: {fileID: 2315687406782632386}
    m_Modifications:
    - target: {fileID: -2277860860401899516, guid: 2d5c2acc3a2c97b46a8bb974952341b4, type: 3}
      propertyPath: atk
      value: 5
      objectReference: {fileID: 0}
    - target: {fileID: 1759818379062904681, guid: 2d5c2acc3a2c97b46a8bb974952341b4, type: 3}
      propertyPath: m_Name
      value: Spike 7
      objectReference: {fileID: 0}
    - target: {fileID: 1759818379062904681, guid: 2d5c2acc3a2c97b46a8bb974952341b4, type: 3}
      propertyPath: m_IsActive
      value: 0
      objectReference: {fileID: 0}
    - target: {fileID: 3290298088012698611, guid: 2d5c2acc3a2c97b46a8bb974952341b4, type: 3}
      propertyPath: m_RootOrder
      value: 14
      objectReference: {fileID: 0}
    - target: {fileID: 3290298088012698611, guid: 2d5c2acc3a2c97b46a8bb974952341b4, type: 3}
      propertyPath: m_LocalPosition.x
      value: -0.029
      objectReference: {fileID: 0}
    - target: {fileID: 3290298088012698611, guid: 2d5c2acc3a2c97b46a8bb974952341b4, type: 3}
      propertyPath: m_LocalPosition.y
      value: -0.31
      objectReference: {fileID: 0}
    - target: {fileID: 3290298088012698611, guid: 2d5c2acc3a2c97b46a8bb974952341b4, type: 3}
      propertyPath: m_LocalPosition.z
      value: 0
      objectReference: {fileID: 0}
    - target: {fileID: 3290298088012698611, guid: 2d5c2acc3a2c97b46a8bb974952341b4, type: 3}
      propertyPath: m_LocalRotation.w
      value: 0.7071068
      objectReference: {fileID: 0}
    - target: {fileID: 3290298088012698611, guid: 2d5c2acc3a2c97b46a8bb974952341b4, type: 3}
      propertyPath: m_LocalRotation.x
      value: 0
      objectReference: {fileID: 0}
    - target: {fileID: 3290298088012698611, guid: 2d5c2acc3a2c97b46a8bb974952341b4, type: 3}
      propertyPath: m_LocalRotation.y
      value: 0
      objectReference: {fileID: 0}
    - target: {fileID: 3290298088012698611, guid: 2d5c2acc3a2c97b46a8bb974952341b4, type: 3}
      propertyPath: m_LocalRotation.z
      value: -0.7071068
      objectReference: {fileID: 0}
    - target: {fileID: 3290298088012698611, guid: 2d5c2acc3a2c97b46a8bb974952341b4, type: 3}
      propertyPath: m_LocalEulerAnglesHint.x
      value: 0
      objectReference: {fileID: 0}
    - target: {fileID: 3290298088012698611, guid: 2d5c2acc3a2c97b46a8bb974952341b4, type: 3}
      propertyPath: m_LocalEulerAnglesHint.y
      value: 0
      objectReference: {fileID: 0}
    - target: {fileID: 3290298088012698611, guid: 2d5c2acc3a2c97b46a8bb974952341b4, type: 3}
      propertyPath: m_LocalEulerAnglesHint.z
      value: -90
      objectReference: {fileID: 0}
    - target: {fileID: 6394088200885623327, guid: 2d5c2acc3a2c97b46a8bb974952341b4, type: 3}
      propertyPath: direction.y
      value: -1
      objectReference: {fileID: 0}
    m_RemovedComponents: []
  m_SourcePrefab: {fileID: 100100000, guid: 2d5c2acc3a2c97b46a8bb974952341b4, type: 3}
--- !u!1 &4851023280330361422 stripped
GameObject:
  m_CorrespondingSourceObject: {fileID: 1759818379062904681, guid: 2d5c2acc3a2c97b46a8bb974952341b4, type: 3}
  m_PrefabInstance: {fileID: 6574809626880134439}
  m_PrefabAsset: {fileID: 0}
--- !u!4 &8545323183059148500 stripped
Transform:
  m_CorrespondingSourceObject: {fileID: 3290298088012698611, guid: 2d5c2acc3a2c97b46a8bb974952341b4, type: 3}
  m_PrefabInstance: {fileID: 6574809626880134439}
  m_PrefabAsset: {fileID: 0}
--- !u!1001 &8752112447904396868
PrefabInstance:
  m_ObjectHideFlags: 0
  serializedVersion: 2
  m_Modification:
    m_TransformParent: {fileID: 2315687406782632386}
    m_Modifications:
    - target: {fileID: -2277860860401899516, guid: 2d5c2acc3a2c97b46a8bb974952341b4, type: 3}
      propertyPath: atk
      value: 5
      objectReference: {fileID: 0}
    - target: {fileID: 1759818379062904681, guid: 2d5c2acc3a2c97b46a8bb974952341b4, type: 3}
      propertyPath: m_Name
      value: Spike 4
      objectReference: {fileID: 0}
    - target: {fileID: 1759818379062904681, guid: 2d5c2acc3a2c97b46a8bb974952341b4, type: 3}
      propertyPath: m_IsActive
      value: 0
      objectReference: {fileID: 0}
    - target: {fileID: 3290298088012698611, guid: 2d5c2acc3a2c97b46a8bb974952341b4, type: 3}
      propertyPath: m_RootOrder
      value: 11
      objectReference: {fileID: 0}
    - target: {fileID: 3290298088012698611, guid: 2d5c2acc3a2c97b46a8bb974952341b4, type: 3}
      propertyPath: m_LocalPosition.x
      value: -0.8840001
      objectReference: {fileID: 0}
    - target: {fileID: 3290298088012698611, guid: 2d5c2acc3a2c97b46a8bb974952341b4, type: 3}
      propertyPath: m_LocalPosition.y
      value: 1
      objectReference: {fileID: 0}
    - target: {fileID: 3290298088012698611, guid: 2d5c2acc3a2c97b46a8bb974952341b4, type: 3}
      propertyPath: m_LocalPosition.z
      value: 0
      objectReference: {fileID: 0}
    - target: {fileID: 3290298088012698611, guid: 2d5c2acc3a2c97b46a8bb974952341b4, type: 3}
      propertyPath: m_LocalRotation.w
      value: 0.38268343
      objectReference: {fileID: 0}
    - target: {fileID: 3290298088012698611, guid: 2d5c2acc3a2c97b46a8bb974952341b4, type: 3}
      propertyPath: m_LocalRotation.x
      value: 0
      objectReference: {fileID: 0}
    - target: {fileID: 3290298088012698611, guid: 2d5c2acc3a2c97b46a8bb974952341b4, type: 3}
      propertyPath: m_LocalRotation.y
      value: 0
      objectReference: {fileID: 0}
    - target: {fileID: 3290298088012698611, guid: 2d5c2acc3a2c97b46a8bb974952341b4, type: 3}
      propertyPath: m_LocalRotation.z
      value: 0.92387956
      objectReference: {fileID: 0}
    - target: {fileID: 3290298088012698611, guid: 2d5c2acc3a2c97b46a8bb974952341b4, type: 3}
      propertyPath: m_LocalEulerAnglesHint.x
      value: 0
      objectReference: {fileID: 0}
    - target: {fileID: 3290298088012698611, guid: 2d5c2acc3a2c97b46a8bb974952341b4, type: 3}
      propertyPath: m_LocalEulerAnglesHint.y
      value: 0
      objectReference: {fileID: 0}
    - target: {fileID: 3290298088012698611, guid: 2d5c2acc3a2c97b46a8bb974952341b4, type: 3}
      propertyPath: m_LocalEulerAnglesHint.z
      value: 135
      objectReference: {fileID: 0}
    - target: {fileID: 6394088200885623327, guid: 2d5c2acc3a2c97b46a8bb974952341b4, type: 3}
      propertyPath: direction.x
      value: -1
      objectReference: {fileID: 0}
    - target: {fileID: 6394088200885623327, guid: 2d5c2acc3a2c97b46a8bb974952341b4, type: 3}
      propertyPath: direction.y
      value: 1
      objectReference: {fileID: 0}
    m_RemovedComponents: []
  m_SourcePrefab: {fileID: 100100000, guid: 2d5c2acc3a2c97b46a8bb974952341b4, type: 3}
--- !u!4 &6114977121870374327 stripped
Transform:
  m_CorrespondingSourceObject: {fileID: 3290298088012698611, guid: 2d5c2acc3a2c97b46a8bb974952341b4, type: 3}
  m_PrefabInstance: {fileID: 8752112447904396868}
  m_PrefabAsset: {fileID: 0}
--- !u!1 &6996797886711345453 stripped
GameObject:
  m_CorrespondingSourceObject: {fileID: 1759818379062904681, guid: 2d5c2acc3a2c97b46a8bb974952341b4, type: 3}
  m_PrefabInstance: {fileID: 8752112447904396868}
  m_PrefabAsset: {fileID: 0}
--- !u!1001 &9066780876795791505
PrefabInstance:
  m_ObjectHideFlags: 0
  serializedVersion: 2
  m_Modification:
    m_TransformParent: {fileID: 2315687406782632386}
    m_Modifications:
    - target: {fileID: -2277860860401899516, guid: 2d5c2acc3a2c97b46a8bb974952341b4, type: 3}
      propertyPath: atk
      value: 5
      objectReference: {fileID: 0}
    - target: {fileID: 1759818379062904681, guid: 2d5c2acc3a2c97b46a8bb974952341b4, type: 3}
      propertyPath: m_Name
      value: Spike 1
      objectReference: {fileID: 0}
    - target: {fileID: 1759818379062904681, guid: 2d5c2acc3a2c97b46a8bb974952341b4, type: 3}
      propertyPath: m_IsActive
      value: 0
      objectReference: {fileID: 0}
    - target: {fileID: 3290298088012698611, guid: 2d5c2acc3a2c97b46a8bb974952341b4, type: 3}
      propertyPath: m_RootOrder
      value: 8
      objectReference: {fileID: 0}
    - target: {fileID: 3290298088012698611, guid: 2d5c2acc3a2c97b46a8bb974952341b4, type: 3}
      propertyPath: m_LocalPosition.x
      value: 0.7790002
      objectReference: {fileID: 0}
    - target: {fileID: 3290298088012698611, guid: 2d5c2acc3a2c97b46a8bb974952341b4, type: 3}
      propertyPath: m_LocalPosition.y
      value: 1.059
      objectReference: {fileID: 0}
    - target: {fileID: 3290298088012698611, guid: 2d5c2acc3a2c97b46a8bb974952341b4, type: 3}
      propertyPath: m_LocalPosition.z
      value: 0
      objectReference: {fileID: 0}
    - target: {fileID: 3290298088012698611, guid: 2d5c2acc3a2c97b46a8bb974952341b4, type: 3}
      propertyPath: m_LocalRotation.w
      value: 0.92387956
      objectReference: {fileID: 0}
    - target: {fileID: 3290298088012698611, guid: 2d5c2acc3a2c97b46a8bb974952341b4, type: 3}
      propertyPath: m_LocalRotation.x
      value: 0
      objectReference: {fileID: 0}
    - target: {fileID: 3290298088012698611, guid: 2d5c2acc3a2c97b46a8bb974952341b4, type: 3}
      propertyPath: m_LocalRotation.y
      value: 0
      objectReference: {fileID: 0}
    - target: {fileID: 3290298088012698611, guid: 2d5c2acc3a2c97b46a8bb974952341b4, type: 3}
      propertyPath: m_LocalRotation.z
      value: 0.38268343
      objectReference: {fileID: 0}
    - target: {fileID: 3290298088012698611, guid: 2d5c2acc3a2c97b46a8bb974952341b4, type: 3}
      propertyPath: m_LocalEulerAnglesHint.x
      value: 0
      objectReference: {fileID: 0}
    - target: {fileID: 3290298088012698611, guid: 2d5c2acc3a2c97b46a8bb974952341b4, type: 3}
      propertyPath: m_LocalEulerAnglesHint.y
      value: 0
      objectReference: {fileID: 0}
    - target: {fileID: 3290298088012698611, guid: 2d5c2acc3a2c97b46a8bb974952341b4, type: 3}
      propertyPath: m_LocalEulerAnglesHint.z
      value: 45
      objectReference: {fileID: 0}
    - target: {fileID: 6394088200885623327, guid: 2d5c2acc3a2c97b46a8bb974952341b4, type: 3}
      propertyPath: direction.x
      value: 1
      objectReference: {fileID: 0}
    - target: {fileID: 6394088200885623327, guid: 2d5c2acc3a2c97b46a8bb974952341b4, type: 3}
      propertyPath: direction.y
      value: 1
      objectReference: {fileID: 0}
    m_RemovedComponents: []
  m_SourcePrefab: {fileID: 100100000, guid: 2d5c2acc3a2c97b46a8bb974952341b4, type: 3}
--- !u!4 &5799177847080950626 stripped
Transform:
  m_CorrespondingSourceObject: {fileID: 3290298088012698611, guid: 2d5c2acc3a2c97b46a8bb974952341b4, type: 3}
  m_PrefabInstance: {fileID: 9066780876795791505}
  m_PrefabAsset: {fileID: 0}
--- !u!1 &7331733021533949944 stripped
GameObject:
  m_CorrespondingSourceObject: {fileID: 1759818379062904681, guid: 2d5c2acc3a2c97b46a8bb974952341b4, type: 3}
  m_PrefabInstance: {fileID: 9066780876795791505}
  m_PrefabAsset: {fileID: 0}
