%YAML 1.1
%TAG !u! tag:unity3d.com,2011:
--- !u!1 &2045452902667441816
GameObject:
  m_ObjectHideFlags: 0
  m_CorrespondingSourceObject: {fileID: 0}
  m_PrefabInstance: {fileID: 0}
  m_PrefabAsset: {fileID: 0}
  serializedVersion: 6
  m_Component:
  - component: {fileID: 2045452902667441817}
  - component: {fileID: 2045452902667441823}
  - component: {fileID: 2045452902667441822}
  - component: {fileID: 2045452902667441820}
  m_Layer: 5
  m_Name: Page
  m_TagString: Untagged
  m_Icon: {fileID: 0}
  m_NavMeshLayer: 0
  m_StaticEditorFlags: 0
  m_IsActive: 1
--- !u!224 &2045452902667441817
RectTransform:
  m_ObjectHideFlags: 0
  m_CorrespondingSourceObject: {fileID: 0}
  m_PrefabInstance: {fileID: 0}
  m_PrefabAsset: {fileID: 0}
  m_GameObject: {fileID: 2045452902667441816}
  m_LocalRotation: {x: -0, y: -0, z: -0, w: 1}
  m_LocalPosition: {x: 0, y: 0, z: 0}
  m_LocalScale: {x: 1, y: 1, z: 1}
  m_ConstrainProportionsScale: 0
  m_Children:
  - {fileID: 2045452901914047958}
  - {fileID: 110843638631866858}
  - {fileID: 110843638476860050}
  - {fileID: 110843639584211930}
  m_Father: {fileID: 0}
  m_RootOrder: 0
  m_LocalEulerAnglesHint: {x: 0, y: 0, z: 0}
  m_AnchorMin: {x: 0, y: 0}
  m_AnchorMax: {x: 1, y: 1}
  m_AnchoredPosition: {x: 0.2800293, y: -0.6000061}
  m_SizeDelta: {x: 1203.02, y: 772.36}
  m_Pivot: {x: 0.5, y: 0.5}
--- !u!222 &2045452902667441823
CanvasRenderer:
  m_ObjectHideFlags: 0
  m_CorrespondingSourceObject: {fileID: 0}
  m_PrefabInstance: {fileID: 0}
  m_PrefabAsset: {fileID: 0}
  m_GameObject: {fileID: 2045452902667441816}
  m_CullTransparentMesh: 1
--- !u!114 &2045452902667441822
MonoBehaviour:
  m_ObjectHideFlags: 0
  m_CorrespondingSourceObject: {fileID: 0}
  m_PrefabInstance: {fileID: 0}
  m_PrefabAsset: {fileID: 0}
  m_GameObject: {fileID: 2045452902667441816}
  m_Enabled: 1
  m_EditorHideFlags: 0
  m_Script: {fileID: 11500000, guid: fe87c0e1cc204ed48ad3b37840f39efc, type: 3}
  m_Name: 
  m_EditorClassIdentifier: 
  m_Material: {fileID: 0}
  m_Color: {r: 1, g: 1, b: 1, a: 1}
  m_RaycastTarget: 1
  m_RaycastPadding: {x: 0, y: 0, z: 0, w: 0}
  m_Maskable: 1
  m_OnCullStateChanged:
    m_PersistentCalls:
      m_Calls: []
  m_Sprite: {fileID: -717892535, guid: eef87bfba4bcb774e8cf202c7a7eb4dd, type: 3}
  m_Type: 0
  m_PreserveAspect: 0
  m_FillCenter: 1
  m_FillMethod: 4
  m_FillAmount: 1
  m_FillClockwise: 1
  m_FillOrigin: 0
  m_UseSpriteMesh: 0
  m_PixelsPerUnitMultiplier: 1
--- !u!114 &2045452902667441820
MonoBehaviour:
  m_ObjectHideFlags: 0
  m_CorrespondingSourceObject: {fileID: 0}
  m_PrefabInstance: {fileID: 0}
  m_PrefabAsset: {fileID: 0}
  m_GameObject: {fileID: 2045452902667441816}
  m_Enabled: 1
  m_EditorHideFlags: 0
  m_Script: {fileID: 11500000, guid: acc8b0d2e3313834e9656821b52cab09, type: 3}
  m_Name: 
  m_EditorClassIdentifier: 
  spellUpgradeSlots:
  - {fileID: 2045452901914047957}
  - {fileID: 110843638631866857}
  - {fileID: 110843638476860049}
  - {fileID: 110843639584211929}
--- !u!1001 &110843639387273154
PrefabInstance:
  m_ObjectHideFlags: 0
  serializedVersion: 2
  m_Modification:
    m_TransformParent: {fileID: 2045452902667441817}
    m_Modifications:
    - target: {fileID: 2155855468317819411, guid: d82531f54fc5c2c4a846de2d0135e7b4, type: 3}
      propertyPath: m_Name
      value: SpellUpgradeSlot
      objectReference: {fileID: 0}
    - target: {fileID: 2155855468317819412, guid: d82531f54fc5c2c4a846de2d0135e7b4, type: 3}
      propertyPath: m_Pivot.x
      value: 0.5
      objectReference: {fileID: 0}
    - target: {fileID: 2155855468317819412, guid: d82531f54fc5c2c4a846de2d0135e7b4, type: 3}
      propertyPath: m_Pivot.y
      value: 0.5
      objectReference: {fileID: 0}
    - target: {fileID: 2155855468317819412, guid: d82531f54fc5c2c4a846de2d0135e7b4, type: 3}
      propertyPath: m_RootOrder
      value: 0
      objectReference: {fileID: 0}
    - target: {fileID: 2155855468317819412, guid: d82531f54fc5c2c4a846de2d0135e7b4, type: 3}
      propertyPath: m_AnchorMax.x
      value: 1
      objectReference: {fileID: 0}
    - target: {fileID: 2155855468317819412, guid: d82531f54fc5c2c4a846de2d0135e7b4, type: 3}
      propertyPath: m_AnchorMax.y
      value: 1
      objectReference: {fileID: 0}
    - target: {fileID: 2155855468317819412, guid: d82531f54fc5c2c4a846de2d0135e7b4, type: 3}
      propertyPath: m_AnchorMin.x
      value: 0
      objectReference: {fileID: 0}
    - target: {fileID: 2155855468317819412, guid: d82531f54fc5c2c4a846de2d0135e7b4, type: 3}
      propertyPath: m_AnchorMin.y
      value: 0
      objectReference: {fileID: 0}
    - target: {fileID: 2155855468317819412, guid: d82531f54fc5c2c4a846de2d0135e7b4, type: 3}
      propertyPath: m_SizeDelta.x
      value: -789.9
      objectReference: {fileID: 0}
    - target: {fileID: 2155855468317819412, guid: d82531f54fc5c2c4a846de2d0135e7b4, type: 3}
      propertyPath: m_SizeDelta.y
      value: -541.4
      objectReference: {fileID: 0}
    - target: {fileID: 2155855468317819412, guid: d82531f54fc5c2c4a846de2d0135e7b4, type: 3}
      propertyPath: m_LocalPosition.x
      value: 0
      objectReference: {fileID: 0}
    - target: {fileID: 2155855468317819412, guid: d82531f54fc5c2c4a846de2d0135e7b4, type: 3}
      propertyPath: m_LocalPosition.y
      value: 0
      objectReference: {fileID: 0}
    - target: {fileID: 2155855468317819412, guid: d82531f54fc5c2c4a846de2d0135e7b4, type: 3}
      propertyPath: m_LocalPosition.z
      value: 0
      objectReference: {fileID: 0}
    - target: {fileID: 2155855468317819412, guid: d82531f54fc5c2c4a846de2d0135e7b4, type: 3}
      propertyPath: m_LocalRotation.w
      value: 1
      objectReference: {fileID: 0}
    - target: {fileID: 2155855468317819412, guid: d82531f54fc5c2c4a846de2d0135e7b4, type: 3}
      propertyPath: m_LocalRotation.x
      value: -0
      objectReference: {fileID: 0}
    - target: {fileID: 2155855468317819412, guid: d82531f54fc5c2c4a846de2d0135e7b4, type: 3}
      propertyPath: m_LocalRotation.y
      value: -0
      objectReference: {fileID: 0}
    - target: {fileID: 2155855468317819412, guid: d82531f54fc5c2c4a846de2d0135e7b4, type: 3}
      propertyPath: m_LocalRotation.z
      value: -0
      objectReference: {fileID: 0}
    - target: {fileID: 2155855468317819412, guid: d82531f54fc5c2c4a846de2d0135e7b4, type: 3}
      propertyPath: m_AnchoredPosition.x
      value: -319.95
      objectReference: {fileID: 0}
    - target: {fileID: 2155855468317819412, guid: d82531f54fc5c2c4a846de2d0135e7b4, type: 3}
      propertyPath: m_AnchoredPosition.y
      value: 195.70001
      objectReference: {fileID: 0}
    - target: {fileID: 2155855468317819412, guid: d82531f54fc5c2c4a846de2d0135e7b4, type: 3}
      propertyPath: m_LocalEulerAnglesHint.x
      value: 0
      objectReference: {fileID: 0}
    - target: {fileID: 2155855468317819412, guid: d82531f54fc5c2c4a846de2d0135e7b4, type: 3}
      propertyPath: m_LocalEulerAnglesHint.y
      value: 0
      objectReference: {fileID: 0}
    - target: {fileID: 2155855468317819412, guid: d82531f54fc5c2c4a846de2d0135e7b4, type: 3}
      propertyPath: m_LocalEulerAnglesHint.z
      value: 0
      objectReference: {fileID: 0}
    m_RemovedComponents: []
  m_SourcePrefab: {fileID: 100100000, guid: d82531f54fc5c2c4a846de2d0135e7b4, type: 3}
--- !u!114 &2045452901914047957 stripped
MonoBehaviour:
  m_CorrespondingSourceObject: {fileID: 2155855468317819415, guid: d82531f54fc5c2c4a846de2d0135e7b4, type: 3}
  m_PrefabInstance: {fileID: 110843639387273154}
  m_PrefabAsset: {fileID: 0}
  m_GameObject: {fileID: 0}
  m_Enabled: 1
  m_EditorHideFlags: 0
  m_Script: {fileID: 11500000, guid: 0d7233968b1c37041b54b12b44273983, type: 3}
  m_Name: 
  m_EditorClassIdentifier: 
--- !u!224 &2045452901914047958 stripped
RectTransform:
  m_CorrespondingSourceObject: {fileID: 2155855468317819412, guid: d82531f54fc5c2c4a846de2d0135e7b4, type: 3}
  m_PrefabInstance: {fileID: 110843639387273154}
  m_PrefabAsset: {fileID: 0}
--- !u!1001 &2045452901575131598
PrefabInstance:
  m_ObjectHideFlags: 0
  serializedVersion: 2
  m_Modification:
    m_TransformParent: {fileID: 2045452902667441817}
    m_Modifications:
    - target: {fileID: 2155855468317819411, guid: d82531f54fc5c2c4a846de2d0135e7b4, type: 3}
      propertyPath: m_Name
      value: SpellUpgradeSlot (3)
      objectReference: {fileID: 0}
    - target: {fileID: 2155855468317819412, guid: d82531f54fc5c2c4a846de2d0135e7b4, type: 3}
      propertyPath: m_Pivot.x
      value: 0.5
      objectReference: {fileID: 0}
    - target: {fileID: 2155855468317819412, guid: d82531f54fc5c2c4a846de2d0135e7b4, type: 3}
      propertyPath: m_Pivot.y
      value: 0.5
      objectReference: {fileID: 0}
    - target: {fileID: 2155855468317819412, guid: d82531f54fc5c2c4a846de2d0135e7b4, type: 3}
      propertyPath: m_RootOrder
      value: 3
      objectReference: {fileID: 0}
    - target: {fileID: 2155855468317819412, guid: d82531f54fc5c2c4a846de2d0135e7b4, type: 3}
      propertyPath: m_AnchorMax.x
      value: 1
      objectReference: {fileID: 0}
    - target: {fileID: 2155855468317819412, guid: d82531f54fc5c2c4a846de2d0135e7b4, type: 3}
      propertyPath: m_AnchorMax.y
      value: 1
      objectReference: {fileID: 0}
    - target: {fileID: 2155855468317819412, guid: d82531f54fc5c2c4a846de2d0135e7b4, type: 3}
      propertyPath: m_AnchorMin.x
      value: 0
      objectReference: {fileID: 0}
    - target: {fileID: 2155855468317819412, guid: d82531f54fc5c2c4a846de2d0135e7b4, type: 3}
      propertyPath: m_AnchorMin.y
      value: 0
      objectReference: {fileID: 0}
    - target: {fileID: 2155855468317819412, guid: d82531f54fc5c2c4a846de2d0135e7b4, type: 3}
      propertyPath: m_SizeDelta.x
      value: -785.62
      objectReference: {fileID: 0}
    - target: {fileID: 2155855468317819412, guid: d82531f54fc5c2c4a846de2d0135e7b4, type: 3}
      propertyPath: m_SizeDelta.y
      value: -527.4
      objectReference: {fileID: 0}
    - target: {fileID: 2155855468317819412, guid: d82531f54fc5c2c4a846de2d0135e7b4, type: 3}
      propertyPath: m_LocalPosition.x
      value: 0
      objectReference: {fileID: 0}
    - target: {fileID: 2155855468317819412, guid: d82531f54fc5c2c4a846de2d0135e7b4, type: 3}
      propertyPath: m_LocalPosition.y
      value: 0
      objectReference: {fileID: 0}
    - target: {fileID: 2155855468317819412, guid: d82531f54fc5c2c4a846de2d0135e7b4, type: 3}
      propertyPath: m_LocalPosition.z
      value: 0
      objectReference: {fileID: 0}
    - target: {fileID: 2155855468317819412, guid: d82531f54fc5c2c4a846de2d0135e7b4, type: 3}
      propertyPath: m_LocalRotation.w
      value: 1
      objectReference: {fileID: 0}
    - target: {fileID: 2155855468317819412, guid: d82531f54fc5c2c4a846de2d0135e7b4, type: 3}
      propertyPath: m_LocalRotation.x
      value: -0
      objectReference: {fileID: 0}
    - target: {fileID: 2155855468317819412, guid: d82531f54fc5c2c4a846de2d0135e7b4, type: 3}
      propertyPath: m_LocalRotation.y
      value: -0
      objectReference: {fileID: 0}
    - target: {fileID: 2155855468317819412, guid: d82531f54fc5c2c4a846de2d0135e7b4, type: 3}
      propertyPath: m_LocalRotation.z
      value: -0
      objectReference: {fileID: 0}
    - target: {fileID: 2155855468317819412, guid: d82531f54fc5c2c4a846de2d0135e7b4, type: 3}
      propertyPath: m_AnchoredPosition.x
      value: 322.19
      objectReference: {fileID: 0}
    - target: {fileID: 2155855468317819412, guid: d82531f54fc5c2c4a846de2d0135e7b4, type: 3}
      propertyPath: m_AnchoredPosition.y
      value: -196.29999
      objectReference: {fileID: 0}
    - target: {fileID: 2155855468317819412, guid: d82531f54fc5c2c4a846de2d0135e7b4, type: 3}
      propertyPath: m_LocalEulerAnglesHint.x
      value: 0
      objectReference: {fileID: 0}
    - target: {fileID: 2155855468317819412, guid: d82531f54fc5c2c4a846de2d0135e7b4, type: 3}
      propertyPath: m_LocalEulerAnglesHint.y
      value: 0
      objectReference: {fileID: 0}
    - target: {fileID: 2155855468317819412, guid: d82531f54fc5c2c4a846de2d0135e7b4, type: 3}
      propertyPath: m_LocalEulerAnglesHint.z
      value: 0
      objectReference: {fileID: 0}
    - target: {fileID: 2155855468317819415, guid: d82531f54fc5c2c4a846de2d0135e7b4, type: 3}
      propertyPath: SO_spell
      value: 
      objectReference: {fileID: 11400000, guid: d159bde181c8e214587ac3ffaf241bfe, type: 2}
    m_RemovedComponents: []
  m_SourcePrefab: {fileID: 100100000, guid: d82531f54fc5c2c4a846de2d0135e7b4, type: 3}
--- !u!114 &110843639584211929 stripped
MonoBehaviour:
  m_CorrespondingSourceObject: {fileID: 2155855468317819415, guid: d82531f54fc5c2c4a846de2d0135e7b4, type: 3}
  m_PrefabInstance: {fileID: 2045452901575131598}
  m_PrefabAsset: {fileID: 0}
  m_GameObject: {fileID: 0}
  m_Enabled: 1
  m_EditorHideFlags: 0
  m_Script: {fileID: 11500000, guid: 0d7233968b1c37041b54b12b44273983, type: 3}
  m_Name: 
  m_EditorClassIdentifier: 
--- !u!224 &110843639584211930 stripped
RectTransform:
  m_CorrespondingSourceObject: {fileID: 2155855468317819412, guid: d82531f54fc5c2c4a846de2d0135e7b4, type: 3}
  m_PrefabInstance: {fileID: 2045452901575131598}
  m_PrefabAsset: {fileID: 0}
--- !u!1001 &2045452902615263366
PrefabInstance:
  m_ObjectHideFlags: 0
  serializedVersion: 2
  m_Modification:
    m_TransformParent: {fileID: 2045452902667441817}
    m_Modifications:
    - target: {fileID: 2155855468317819411, guid: d82531f54fc5c2c4a846de2d0135e7b4, type: 3}
      propertyPath: m_Name
      value: SpellUpgradeSlot (2)
      objectReference: {fileID: 0}
    - target: {fileID: 2155855468317819412, guid: d82531f54fc5c2c4a846de2d0135e7b4, type: 3}
      propertyPath: m_Pivot.x
      value: 0.5
      objectReference: {fileID: 0}
    - target: {fileID: 2155855468317819412, guid: d82531f54fc5c2c4a846de2d0135e7b4, type: 3}
      propertyPath: m_Pivot.y
      value: 0.5
      objectReference: {fileID: 0}
    - target: {fileID: 2155855468317819412, guid: d82531f54fc5c2c4a846de2d0135e7b4, type: 3}
      propertyPath: m_RootOrder
      value: 2
      objectReference: {fileID: 0}
    - target: {fileID: 2155855468317819412, guid: d82531f54fc5c2c4a846de2d0135e7b4, type: 3}
      propertyPath: m_AnchorMax.x
      value: 1
      objectReference: {fileID: 0}
    - target: {fileID: 2155855468317819412, guid: d82531f54fc5c2c4a846de2d0135e7b4, type: 3}
      propertyPath: m_AnchorMax.y
      value: 1
      objectReference: {fileID: 0}
    - target: {fileID: 2155855468317819412, guid: d82531f54fc5c2c4a846de2d0135e7b4, type: 3}
      propertyPath: m_AnchorMin.x
      value: 0
      objectReference: {fileID: 0}
    - target: {fileID: 2155855468317819412, guid: d82531f54fc5c2c4a846de2d0135e7b4, type: 3}
      propertyPath: m_AnchorMin.y
      value: 0
      objectReference: {fileID: 0}
    - target: {fileID: 2155855468317819412, guid: d82531f54fc5c2c4a846de2d0135e7b4, type: 3}
      propertyPath: m_SizeDelta.x
      value: -781.62
      objectReference: {fileID: 0}
    - target: {fileID: 2155855468317819412, guid: d82531f54fc5c2c4a846de2d0135e7b4, type: 3}
      propertyPath: m_SizeDelta.y
      value: -541.4
      objectReference: {fileID: 0}
    - target: {fileID: 2155855468317819412, guid: d82531f54fc5c2c4a846de2d0135e7b4, type: 3}
      propertyPath: m_LocalPosition.x
      value: 0
      objectReference: {fileID: 0}
    - target: {fileID: 2155855468317819412, guid: d82531f54fc5c2c4a846de2d0135e7b4, type: 3}
      propertyPath: m_LocalPosition.y
      value: 0
      objectReference: {fileID: 0}
    - target: {fileID: 2155855468317819412, guid: d82531f54fc5c2c4a846de2d0135e7b4, type: 3}
      propertyPath: m_LocalPosition.z
      value: 0
      objectReference: {fileID: 0}
    - target: {fileID: 2155855468317819412, guid: d82531f54fc5c2c4a846de2d0135e7b4, type: 3}
      propertyPath: m_LocalRotation.w
      value: 1
      objectReference: {fileID: 0}
    - target: {fileID: 2155855468317819412, guid: d82531f54fc5c2c4a846de2d0135e7b4, type: 3}
      propertyPath: m_LocalRotation.x
      value: -0
      objectReference: {fileID: 0}
    - target: {fileID: 2155855468317819412, guid: d82531f54fc5c2c4a846de2d0135e7b4, type: 3}
      propertyPath: m_LocalRotation.y
      value: -0
      objectReference: {fileID: 0}
    - target: {fileID: 2155855468317819412, guid: d82531f54fc5c2c4a846de2d0135e7b4, type: 3}
      propertyPath: m_LocalRotation.z
      value: -0
      objectReference: {fileID: 0}
    - target: {fileID: 2155855468317819412, guid: d82531f54fc5c2c4a846de2d0135e7b4, type: 3}
      propertyPath: m_AnchoredPosition.x
      value: 324.19
      objectReference: {fileID: 0}
    - target: {fileID: 2155855468317819412, guid: d82531f54fc5c2c4a846de2d0135e7b4, type: 3}
      propertyPath: m_AnchoredPosition.y
      value: 195.70001
      objectReference: {fileID: 0}
    - target: {fileID: 2155855468317819412, guid: d82531f54fc5c2c4a846de2d0135e7b4, type: 3}
      propertyPath: m_LocalEulerAnglesHint.x
      value: 0
      objectReference: {fileID: 0}
    - target: {fileID: 2155855468317819412, guid: d82531f54fc5c2c4a846de2d0135e7b4, type: 3}
      propertyPath: m_LocalEulerAnglesHint.y
      value: 0
      objectReference: {fileID: 0}
    - target: {fileID: 2155855468317819412, guid: d82531f54fc5c2c4a846de2d0135e7b4, type: 3}
      propertyPath: m_LocalEulerAnglesHint.z
      value: 0
      objectReference: {fileID: 0}
    - target: {fileID: 2155855468317819415, guid: d82531f54fc5c2c4a846de2d0135e7b4, type: 3}
      propertyPath: SO_spell
      value: 
      objectReference: {fileID: 11400000, guid: 5377f4ff233ca804b8e648ee0881d859, type: 2}
    m_RemovedComponents: []
  m_SourcePrefab: {fileID: 100100000, guid: d82531f54fc5c2c4a846de2d0135e7b4, type: 3}
--- !u!114 &110843638476860049 stripped
MonoBehaviour:
  m_CorrespondingSourceObject: {fileID: 2155855468317819415, guid: d82531f54fc5c2c4a846de2d0135e7b4, type: 3}
  m_PrefabInstance: {fileID: 2045452902615263366}
  m_PrefabAsset: {fileID: 0}
  m_GameObject: {fileID: 0}
  m_Enabled: 1
  m_EditorHideFlags: 0
  m_Script: {fileID: 11500000, guid: 0d7233968b1c37041b54b12b44273983, type: 3}
  m_Name: 
  m_EditorClassIdentifier: 
--- !u!224 &110843638476860050 stripped
RectTransform:
  m_CorrespondingSourceObject: {fileID: 2155855468317819412, guid: d82531f54fc5c2c4a846de2d0135e7b4, type: 3}
  m_PrefabInstance: {fileID: 2045452902615263366}
  m_PrefabAsset: {fileID: 0}
--- !u!1001 &2045452902770238462
PrefabInstance:
  m_ObjectHideFlags: 0
  serializedVersion: 2
  m_Modification:
    m_TransformParent: {fileID: 2045452902667441817}
    m_Modifications:
    - target: {fileID: 2155855468317819411, guid: d82531f54fc5c2c4a846de2d0135e7b4, type: 3}
      propertyPath: m_Name
      value: SpellUpgradeSlot (1)
      objectReference: {fileID: 0}
    - target: {fileID: 2155855468317819412, guid: d82531f54fc5c2c4a846de2d0135e7b4, type: 3}
      propertyPath: m_Pivot.x
      value: 0.5
      objectReference: {fileID: 0}
    - target: {fileID: 2155855468317819412, guid: d82531f54fc5c2c4a846de2d0135e7b4, type: 3}
      propertyPath: m_Pivot.y
      value: 0.5
      objectReference: {fileID: 0}
    - target: {fileID: 2155855468317819412, guid: d82531f54fc5c2c4a846de2d0135e7b4, type: 3}
      propertyPath: m_RootOrder
      value: 1
      objectReference: {fileID: 0}
    - target: {fileID: 2155855468317819412, guid: d82531f54fc5c2c4a846de2d0135e7b4, type: 3}
      propertyPath: m_AnchorMax.x
      value: 1
      objectReference: {fileID: 0}
    - target: {fileID: 2155855468317819412, guid: d82531f54fc5c2c4a846de2d0135e7b4, type: 3}
      propertyPath: m_AnchorMax.y
      value: 1
      objectReference: {fileID: 0}
    - target: {fileID: 2155855468317819412, guid: d82531f54fc5c2c4a846de2d0135e7b4, type: 3}
      propertyPath: m_AnchorMin.x
      value: 0
      objectReference: {fileID: 0}
    - target: {fileID: 2155855468317819412, guid: d82531f54fc5c2c4a846de2d0135e7b4, type: 3}
      propertyPath: m_AnchorMin.y
      value: 0
      objectReference: {fileID: 0}
    - target: {fileID: 2155855468317819412, guid: d82531f54fc5c2c4a846de2d0135e7b4, type: 3}
      propertyPath: m_SizeDelta.x
      value: -789.9
      objectReference: {fileID: 0}
    - target: {fileID: 2155855468317819412, guid: d82531f54fc5c2c4a846de2d0135e7b4, type: 3}
      propertyPath: m_SizeDelta.y
      value: -527.4
      objectReference: {fileID: 0}
    - target: {fileID: 2155855468317819412, guid: d82531f54fc5c2c4a846de2d0135e7b4, type: 3}
      propertyPath: m_LocalPosition.x
      value: 0
      objectReference: {fileID: 0}
    - target: {fileID: 2155855468317819412, guid: d82531f54fc5c2c4a846de2d0135e7b4, type: 3}
      propertyPath: m_LocalPosition.y
      value: 0
      objectReference: {fileID: 0}
    - target: {fileID: 2155855468317819412, guid: d82531f54fc5c2c4a846de2d0135e7b4, type: 3}
      propertyPath: m_LocalPosition.z
      value: 0
      objectReference: {fileID: 0}
    - target: {fileID: 2155855468317819412, guid: d82531f54fc5c2c4a846de2d0135e7b4, type: 3}
      propertyPath: m_LocalRotation.w
      value: 1
      objectReference: {fileID: 0}
    - target: {fileID: 2155855468317819412, guid: d82531f54fc5c2c4a846de2d0135e7b4, type: 3}
      propertyPath: m_LocalRotation.x
      value: -0
      objectReference: {fileID: 0}
    - target: {fileID: 2155855468317819412, guid: d82531f54fc5c2c4a846de2d0135e7b4, type: 3}
      propertyPath: m_LocalRotation.y
      value: -0
      objectReference: {fileID: 0}
    - target: {fileID: 2155855468317819412, guid: d82531f54fc5c2c4a846de2d0135e7b4, type: 3}
      propertyPath: m_LocalRotation.z
      value: -0
      objectReference: {fileID: 0}
    - target: {fileID: 2155855468317819412, guid: d82531f54fc5c2c4a846de2d0135e7b4, type: 3}
      propertyPath: m_AnchoredPosition.x
      value: -319.95
      objectReference: {fileID: 0}
    - target: {fileID: 2155855468317819412, guid: d82531f54fc5c2c4a846de2d0135e7b4, type: 3}
      propertyPath: m_AnchoredPosition.y
      value: -196.29999
      objectReference: {fileID: 0}
    - target: {fileID: 2155855468317819412, guid: d82531f54fc5c2c4a846de2d0135e7b4, type: 3}
      propertyPath: m_LocalEulerAnglesHint.x
      value: 0
      objectReference: {fileID: 0}
    - target: {fileID: 2155855468317819412, guid: d82531f54fc5c2c4a846de2d0135e7b4, type: 3}
      propertyPath: m_LocalEulerAnglesHint.y
      value: 0
      objectReference: {fileID: 0}
    - target: {fileID: 2155855468317819412, guid: d82531f54fc5c2c4a846de2d0135e7b4, type: 3}
      propertyPath: m_LocalEulerAnglesHint.z
      value: 0
      objectReference: {fileID: 0}
    - target: {fileID: 2155855468317819415, guid: d82531f54fc5c2c4a846de2d0135e7b4, type: 3}
      propertyPath: SO_spell
      value: 
      objectReference: {fileID: 11400000, guid: a74b52b2d3f263f42b17a47f187b9905, type: 2}
    m_RemovedComponents: []
  m_SourcePrefab: {fileID: 100100000, guid: d82531f54fc5c2c4a846de2d0135e7b4, type: 3}
--- !u!114 &110843638631866857 stripped
MonoBehaviour:
  m_CorrespondingSourceObject: {fileID: 2155855468317819415, guid: d82531f54fc5c2c4a846de2d0135e7b4, type: 3}
  m_PrefabInstance: {fileID: 2045452902770238462}
  m_PrefabAsset: {fileID: 0}
  m_GameObject: {fileID: 0}
  m_Enabled: 1
  m_EditorHideFlags: 0
  m_Script: {fileID: 11500000, guid: 0d7233968b1c37041b54b12b44273983, type: 3}
  m_Name: 
  m_EditorClassIdentifier: 
--- !u!224 &110843638631866858 stripped
RectTransform:
  m_CorrespondingSourceObject: {fileID: 2155855468317819412, guid: d82531f54fc5c2c4a846de2d0135e7b4, type: 3}
  m_PrefabInstance: {fileID: 2045452902770238462}
  m_PrefabAsset: {fileID: 0}
