%YAML 1.1
%TAG !u! tag:unity3d.com,2011:
--- !u!1 &2366215904798440381
GameObject:
  m_ObjectHideFlags: 0
  m_CorrespondingSourceObject: {fileID: 0}
  m_PrefabInstance: {fileID: 0}
  m_PrefabAsset: {fileID: 0}
  serializedVersion: 6
  m_Component:
  - component: {fileID: 905475604728590203}
  - component: {fileID: 5729380166694628537}
  - component: {fileID: 8696791072694470653}
  - component: {fileID: 8368435006841256148}
  - component: {fileID: 1076343486}
  m_Layer: 3
  m_Name: ResetBoulderNPC
  m_TagString: Wall
  m_Icon: {fileID: 0}
  m_NavMeshLayer: 0
  m_StaticEditorFlags: 0
  m_IsActive: 1
--- !u!4 &905475604728590203
Transform:
  m_ObjectHideFlags: 0
  m_CorrespondingSourceObject: {fileID: 0}
  m_PrefabInstance: {fileID: 0}
  m_PrefabAsset: {fileID: 0}
  m_GameObject: {fileID: 2366215904798440381}
  m_LocalRotation: {x: 0, y: 0, z: 0, w: 1}
  m_LocalPosition: {x: 25.28, y: -32.93, z: 0}
  m_LocalScale: {x: 1, y: 1, z: 1}
  m_ConstrainProportionsScale: 0
  m_Children:
  - {fileID: 5294488322578017584}
  - {fileID: 2439206277658331167}
  m_Father: {fileID: 0}
  m_RootOrder: 0
  m_LocalEulerAnglesHint: {x: 0, y: 0, z: 0}
--- !u!114 &5729380166694628537
MonoBehaviour:
  m_ObjectHideFlags: 0
  m_CorrespondingSourceObject: {fileID: 0}
  m_PrefabInstance: {fileID: 0}
  m_PrefabAsset: {fileID: 0}
  m_GameObject: {fileID: 2366215904798440381}
  m_Enabled: 1
  m_EditorHideFlags: 0
  m_Script: {fileID: 11500000, guid: 02ab2b6724ec21d40ae41428d1aab97e, type: 3}
  m_Name: 
  m_EditorClassIdentifier: 
  dialogue:
    messageBoxSprite: {fileID: -1597515162, guid: 4ab117059645c234bb257639a9c19db2, type: 3}
    textColor: {r: 1, g: 1, b: 1, a: 1}
    nameColor: {r: 1, g: 0.97702336, b: 0, a: 1}
    isBranchDialogue: 1
    isBlackChoosingText: 0
    name: "CH\xD3 \u1EA2O THU\u1EACT"
    sentencesHead:
    - "G\xE2u g\xE2u! (N\u1EBFu b\u1EA1n cho t\xF4i 100 xu, t\xF4i s\u1EBD \u0111\u1EB7t
      c\xE1c t\u1EA3ng \u0111\xE1 v\u1EC1 v\u1ECB tr\xED c\u0169)"
    - "G\u1EA5u? (B\u1EA1n \u0111\u1ED3ng \xFD kh\xF4ng?)"
    sentencesBranch1:
    - "G\u1EA5u!"
    sentencesBranch2:
    - "G\u1EA7u... (V\u1EADy th\xF4i)"
    sentencesTail:
    - "G\xE2u! (H\u1EB9n g\u1EB7p l\u1EA1i)"
    sentenceChoosing1: OK
    sentenceChoosing2: "Kh\xF4ng"
    buySentence: 
    cannotBuySentence: 
    sellSentence: 
    cannotSellSentence: 
    shopSentenceIndex: -1
    sellSentenceIndex: -1
    eventIndexs: 64000000
    eventTalks:
    - m_PersistentCalls:
        m_Calls:
        - m_Target: {fileID: 1076343486}
          m_TargetAssemblyTypeName: GDC.Gameplay.ResetPosition, Assembly-CSharp
          m_MethodName: ResetObject
          m_Mode: 1
          m_Arguments:
            m_ObjectArgument: {fileID: 0}
            m_ObjectArgumentAssemblyTypeName: UnityEngine.Object, UnityEngine
            m_IntArgument: 0
            m_FloatArgument: 0
            m_StringArgument: 
            m_BoolArgument: 0
          m_CallState: 2
  bubbleChatAnim: {fileID: 7037185163008862197}
  shop_so_items: []
  graphicTrans: {fileID: 5294488322578017584}
  anim: {fileID: 5712344621562292510}
  speed: 0
  isNotTurnCharacter: 0
  isInitTurnRight: 0
  isMoveCharacter: 0
  isSpumCharacter: 0
  isInteractObject: 0
--- !u!61 &8696791072694470653
BoxCollider2D:
  m_ObjectHideFlags: 0
  m_CorrespondingSourceObject: {fileID: 0}
  m_PrefabInstance: {fileID: 0}
  m_PrefabAsset: {fileID: 0}
  m_GameObject: {fileID: 2366215904798440381}
  m_Enabled: 1
  m_Density: 1
  m_Material: {fileID: 0}
  m_IsTrigger: 0
  m_UsedByEffector: 0
  m_UsedByComposite: 0
  m_Offset: {x: -0.12363911, y: 0.51950836}
  m_SpriteTilingProperty:
    border: {x: 0, y: 0, z: 0, w: 0}
    pivot: {x: 0, y: 0}
    oldSize: {x: 0, y: 0}
    newSize: {x: 0, y: 0}
    adaptiveTilingThreshold: 0
    drawMode: 0
    adaptiveTiling: 0
  m_AutoTiling: 0
  serializedVersion: 2
  m_Size: {x: 1.2472782, y: 1.0499039}
  m_EdgeRadius: 0
--- !u!58 &8368435006841256148
CircleCollider2D:
  m_ObjectHideFlags: 0
  m_CorrespondingSourceObject: {fileID: 0}
  m_PrefabInstance: {fileID: 0}
  m_PrefabAsset: {fileID: 0}
  m_GameObject: {fileID: 2366215904798440381}
  m_Enabled: 1
  m_Density: 1
  m_Material: {fileID: 0}
  m_IsTrigger: 1
  m_UsedByEffector: 0
  m_UsedByComposite: 0
  m_Offset: {x: -0.08772087, y: 0.49870586}
  serializedVersion: 2
  m_Radius: 1.4014854
--- !u!114 &1076343486
MonoBehaviour:
  m_ObjectHideFlags: 0
  m_CorrespondingSourceObject: {fileID: 0}
  m_PrefabInstance: {fileID: 0}
  m_PrefabAsset: {fileID: 0}
  m_GameObject: {fileID: 2366215904798440381}
  m_Enabled: 1
  m_EditorHideFlags: 0
  m_Script: {fileID: 11500000, guid: 3d40b1bf9e3d1004eb81522d246df13e, type: 3}
  m_Name: 
  m_EditorClassIdentifier: 
  cost: 100
  resetObjects:
  - {fileID: 0}
  - {fileID: 0}
  - {fileID: 0}
  - {fileID: 0}
  - {fileID: 0}
  - {fileID: 0}
  - {fileID: 0}
  - {fileID: 0}
  - {fileID: 0}
  - {fileID: 0}
  notEnoughMoney:
    messageBoxSprite: {fileID: -1597515162, guid: 4ab117059645c234bb257639a9c19db2, type: 3}
    textColor: {r: 1, g: 1, b: 1, a: 1}
    nameColor: {r: 1, g: 0.98039216, b: 0, a: 1}
    isBranchDialogue: 0
    isBlackChoosingText: 0
    name: "CH\xD3 \u1EA2O THU\u1EACT"
    sentencesHead:
    - "G\xE2u! (B\u1EA1n kh\xF4ng c\xF3 \u0111\u1EE7 ti\u1EC1n)"
    sentencesBranch1: []
    sentencesBranch2: []
    sentencesTail: []
    sentenceChoosing1: 
    sentenceChoosing2: 
    buySentence: 
    cannotBuySentence: 
    sellSentence: 
    cannotSellSentence: 
    shopSentenceIndex: -1
    sellSentenceIndex: -1
    eventIndexs: 
    eventTalks: []
  notChangePos:
    messageBoxSprite: {fileID: -1597515162, guid: 4ab117059645c234bb257639a9c19db2, type: 3}
    textColor: {r: 1, g: 1, b: 1, a: 1}
    nameColor: {r: 1, g: 1, b: 0, a: 1}
    isBranchDialogue: 0
    isBlackChoosingText: 0
    name: "CH\xD3 \u1EA2O THU\u1EACT"
    sentencesHead:
    - "G\u1EA5u g\xE2u! (C\xF3 v\u1EBB v\u1ECB tr\xED c\u1EE7a nh\u1EEFng t\u1EA3ng
      \u0111\xE1 v\u1EABn ch\u01B0a b\u1ECB thay \u0111\u1ED5i, n\xEAn t\xF4i ch\u01B0a
      l\u1EA5y ti\u1EC1n b\u1EA1n \u0111\xE2u)"
    sentencesBranch1: []
    sentencesBranch2: []
    sentencesTail: []
    sentenceChoosing1: 
    sentenceChoosing2: 
    buySentence: 
    cannotBuySentence: 
    sellSentence: 
    cannotSellSentence: 
    shopSentenceIndex: -1
    sellSentenceIndex: -1
    eventIndexs: 
    eventTalks: []
  npcAnim: {fileID: 5712344621562292510}
  oldPosObjects: []
  isReceiveRemainMoney: 0
--- !u!1 &5033286416515386926
GameObject:
  m_ObjectHideFlags: 0
  m_CorrespondingSourceObject: {fileID: 0}
  m_PrefabInstance: {fileID: 0}
  m_PrefabAsset: {fileID: 0}
  serializedVersion: 6
  m_Component:
  - component: {fileID: 8111013340914127165}
  - component: {fileID: 5939185981221817843}
  m_Layer: 0
  m_Name: Shadow
  m_TagString: Untagged
  m_Icon: {fileID: 0}
  m_NavMeshLayer: 0
  m_StaticEditorFlags: 0
  m_IsActive: 1
--- !u!4 &8111013340914127165
Transform:
  m_ObjectHideFlags: 0
  m_CorrespondingSourceObject: {fileID: 0}
  m_PrefabInstance: {fileID: 0}
  m_PrefabAsset: {fileID: 0}
  m_GameObject: {fileID: 5033286416515386926}
  m_LocalRotation: {x: -0, y: -0, z: -0, w: 1}
  m_LocalPosition: {x: 0, y: 0.15999985, z: 0}
  m_LocalScale: {x: 1.5, y: 0.7, z: 1}
  m_ConstrainProportionsScale: 0
  m_Children: []
  m_Father: {fileID: 5294488322578017584}
  m_RootOrder: 0
  m_LocalEulerAnglesHint: {x: 0, y: 0, z: 0}
--- !u!212 &5939185981221817843
SpriteRenderer:
  m_ObjectHideFlags: 0
  m_CorrespondingSourceObject: {fileID: 0}
  m_PrefabInstance: {fileID: 0}
  m_PrefabAsset: {fileID: 0}
  m_GameObject: {fileID: 5033286416515386926}
  m_Enabled: 1
  m_CastShadows: 0
  m_ReceiveShadows: 0
  m_DynamicOccludee: 1
  m_StaticShadowCaster: 0
  m_MotionVectors: 1
  m_LightProbeUsage: 1
  m_ReflectionProbeUsage: 1
  m_RayTracingMode: 0
  m_RayTraceProcedural: 0
  m_RenderingLayerMask: 1
  m_RendererPriority: 0
  m_Materials:
  - {fileID: 2100000, guid: a97c105638bdf8b4a8650670310a4cd3, type: 2}
  m_StaticBatchInfo:
    firstSubMesh: 0
    subMeshCount: 0
  m_StaticBatchRoot: {fileID: 0}
  m_ProbeAnchor: {fileID: 0}
  m_LightProbeVolumeOverride: {fileID: 0}
  m_ScaleInLightmap: 1
  m_ReceiveGI: 1
  m_PreserveUVs: 0
  m_IgnoreNormalsForChartDetection: 0
  m_ImportantGI: 0
  m_StitchLightmapSeams: 1
  m_SelectedEditorRenderState: 0
  m_MinimumChartSize: 4
  m_AutoUVMaxDistance: 0.5
  m_AutoUVMaxAngle: 89
  m_LightmapParameters: {fileID: 0}
  m_SortingLayerID: -1010537361
  m_SortingLayer: -2
  m_SortingOrder: -1
  m_Sprite: {fileID: -2413806693520163455, guid: a86470a33a6bf42c4b3595704624658b, type: 3}
  m_Color: {r: 0, g: 0, b: 0, a: 0.19607843}
  m_FlipX: 0
  m_FlipY: 0
  m_DrawMode: 0
  m_Size: {x: 1, y: 1}
  m_AdaptiveModeThreshold: 0.5
  m_SpriteTileMode: 0
  m_WasSpriteAssigned: 1
  m_MaskInteraction: 0
  m_SpriteSortPoint: 0
--- !u!1 &8492785217730252673
GameObject:
  m_ObjectHideFlags: 0
  m_CorrespondingSourceObject: {fileID: 0}
  m_PrefabInstance: {fileID: 0}
  m_PrefabAsset: {fileID: 0}
  serializedVersion: 6
  m_Component:
  - component: {fileID: 5294488322578017584}
  - component: {fileID: 6954958472698924663}
  - component: {fileID: 5712344621562292510}
  - component: {fileID: 3829080459468856232}
  m_Layer: 0
  m_Name: Graphic
  m_TagString: Untagged
  m_Icon: {fileID: 0}
  m_NavMeshLayer: 0
  m_StaticEditorFlags: 0
  m_IsActive: 1
--- !u!4 &5294488322578017584
Transform:
  m_ObjectHideFlags: 0
  m_CorrespondingSourceObject: {fileID: 0}
  m_PrefabInstance: {fileID: 0}
  m_PrefabAsset: {fileID: 0}
  m_GameObject: {fileID: 8492785217730252673}
  m_LocalRotation: {x: 0, y: 0, z: 0, w: 1}
  m_LocalPosition: {x: -0.11, y: 0, z: 0}
  m_LocalScale: {x: 1, y: 1, z: 1}
  m_ConstrainProportionsScale: 0
  m_Children:
  - {fileID: 8111013340914127165}
  m_Father: {fileID: 905475604728590203}
  m_RootOrder: 0
  m_LocalEulerAnglesHint: {x: 0, y: 0, z: 0}
--- !u!212 &6954958472698924663
SpriteRenderer:
  m_ObjectHideFlags: 0
  m_CorrespondingSourceObject: {fileID: 0}
  m_PrefabInstance: {fileID: 0}
  m_PrefabAsset: {fileID: 0}
  m_GameObject: {fileID: 8492785217730252673}
  m_Enabled: 1
  m_CastShadows: 0
  m_ReceiveShadows: 0
  m_DynamicOccludee: 1
  m_StaticShadowCaster: 0
  m_MotionVectors: 1
  m_LightProbeUsage: 1
  m_ReflectionProbeUsage: 1
  m_RayTracingMode: 0
  m_RayTraceProcedural: 0
  m_RenderingLayerMask: 1
  m_RendererPriority: 0
  m_Materials:
  - {fileID: 2100000, guid: a97c105638bdf8b4a8650670310a4cd3, type: 2}
  m_StaticBatchInfo:
    firstSubMesh: 0
    subMeshCount: 0
  m_StaticBatchRoot: {fileID: 0}
  m_ProbeAnchor: {fileID: 0}
  m_LightProbeVolumeOverride: {fileID: 0}
  m_ScaleInLightmap: 1
  m_ReceiveGI: 1
  m_PreserveUVs: 0
  m_IgnoreNormalsForChartDetection: 0
  m_ImportantGI: 0
  m_StitchLightmapSeams: 1
  m_SelectedEditorRenderState: 0
  m_MinimumChartSize: 4
  m_AutoUVMaxDistance: 0.5
  m_AutoUVMaxAngle: 89
  m_LightmapParameters: {fileID: 0}
  m_SortingLayerID: 0
  m_SortingLayer: 0
  m_SortingOrder: 0
  m_Sprite: {fileID: -1105478777, guid: 409decb9cd7c28d4a859a6a9fbff63f2, type: 3}
  m_Color: {r: 1, g: 1, b: 1, a: 1}
  m_FlipX: 0
  m_FlipY: 0
  m_DrawMode: 0
  m_Size: {x: 1, y: 1}
  m_AdaptiveModeThreshold: 0.5
  m_SpriteTileMode: 0
  m_WasSpriteAssigned: 1
  m_MaskInteraction: 0
  m_SpriteSortPoint: 0
--- !u!95 &5712344621562292510
Animator:
  serializedVersion: 4
  m_ObjectHideFlags: 0
  m_CorrespondingSourceObject: {fileID: 0}
  m_PrefabInstance: {fileID: 0}
  m_PrefabAsset: {fileID: 0}
  m_GameObject: {fileID: 8492785217730252673}
  m_Enabled: 1
  m_Avatar: {fileID: 0}
  m_Controller: {fileID: 9100000, guid: 456e91bdd5beb0b408df12e6b9724cf4, type: 2}
  m_CullingMode: 0
  m_UpdateMode: 0
  m_ApplyRootMotion: 0
  m_LinearVelocityBlending: 0
  m_StabilizeFeet: 0
  m_WarningMessage: 
  m_HasTransformHierarchy: 1
  m_AllowConstantClipSamplingOptimization: 1
  m_KeepAnimatorControllerStateOnDisable: 0
--- !u!114 &3829080459468856232
MonoBehaviour:
  m_ObjectHideFlags: 0
  m_CorrespondingSourceObject: {fileID: 0}
  m_PrefabInstance: {fileID: 0}
  m_PrefabAsset: {fileID: 0}
  m_GameObject: {fileID: 8492785217730252673}
  m_Enabled: 1
  m_EditorHideFlags: 0
  m_Script: {fileID: 11500000, guid: 08bf53dd707546f489e7f941ea61460b, type: 3}
  m_Name: 
  m_EditorClassIdentifier: 
  useSpriteRenderer: 1
  useParticleSystem: 0
  useTrailRenderer: 0
  baseDepth: 0
  isGetParent: 0
  useCustomParent: 0
  customParent: {fileID: 0}
  hasEquipment: 0
  baseDepthForEquipment: 1
--- !u!1001 &8677001433942407696
PrefabInstance:
  m_ObjectHideFlags: 0
  serializedVersion: 2
  m_Modification:
    m_TransformParent: {fileID: 905475604728590203}
    m_Modifications:
    - target: {fileID: 6463558249257595407, guid: 945aaeb1cb980b443b3f4d28f6abcc05, type: 3}
      propertyPath: m_RootOrder
      value: 1
      objectReference: {fileID: 0}
    - target: {fileID: 6463558249257595407, guid: 945aaeb1cb980b443b3f4d28f6abcc05, type: 3}
      propertyPath: m_LocalScale.x
      value: 0
      objectReference: {fileID: 0}
    - target: {fileID: 6463558249257595407, guid: 945aaeb1cb980b443b3f4d28f6abcc05, type: 3}
      propertyPath: m_LocalScale.y
      value: 0
      objectReference: {fileID: 0}
    - target: {fileID: 6463558249257595407, guid: 945aaeb1cb980b443b3f4d28f6abcc05, type: 3}
      propertyPath: m_LocalPosition.x
      value: -0.14
      objectReference: {fileID: 0}
    - target: {fileID: 6463558249257595407, guid: 945aaeb1cb980b443b3f4d28f6abcc05, type: 3}
      propertyPath: m_LocalPosition.y
      value: 1.62
      objectReference: {fileID: 0}
    - target: {fileID: 6463558249257595407, guid: 945aaeb1cb980b443b3f4d28f6abcc05, type: 3}
      propertyPath: m_LocalPosition.z
      value: 0
      objectReference: {fileID: 0}
    - target: {fileID: 6463558249257595407, guid: 945aaeb1cb980b443b3f4d28f6abcc05, type: 3}
      propertyPath: m_LocalRotation.w
      value: 1
      objectReference: {fileID: 0}
    - target: {fileID: 6463558249257595407, guid: 945aaeb1cb980b443b3f4d28f6abcc05, type: 3}
      propertyPath: m_LocalRotation.x
      value: 0
      objectReference: {fileID: 0}
    - target: {fileID: 6463558249257595407, guid: 945aaeb1cb980b443b3f4d28f6abcc05, type: 3}
      propertyPath: m_LocalRotation.y
      value: 0
      objectReference: {fileID: 0}
    - target: {fileID: 6463558249257595407, guid: 945aaeb1cb980b443b3f4d28f6abcc05, type: 3}
      propertyPath: m_LocalRotation.z
      value: 0
      objectReference: {fileID: 0}
    - target: {fileID: 6463558249257595407, guid: 945aaeb1cb980b443b3f4d28f6abcc05, type: 3}
      propertyPath: m_LocalEulerAnglesHint.x
      value: 0
      objectReference: {fileID: 0}
    - target: {fileID: 6463558249257595407, guid: 945aaeb1cb980b443b3f4d28f6abcc05, type: 3}
      propertyPath: m_LocalEulerAnglesHint.y
      value: 0
      objectReference: {fileID: 0}
    - target: {fileID: 6463558249257595407, guid: 945aaeb1cb980b443b3f4d28f6abcc05, type: 3}
      propertyPath: m_LocalEulerAnglesHint.z
      value: 0
      objectReference: {fileID: 0}
    - target: {fileID: 7089352644469005797, guid: 945aaeb1cb980b443b3f4d28f6abcc05, type: 3}
      propertyPath: m_Name
      value: BubbleChat
      objectReference: {fileID: 0}
    m_RemovedComponents: []
  m_SourcePrefab: {fileID: 100100000, guid: 945aaeb1cb980b443b3f4d28f6abcc05, type: 3}
--- !u!4 &2439206277658331167 stripped
Transform:
  m_CorrespondingSourceObject: {fileID: 6463558249257595407, guid: 945aaeb1cb980b443b3f4d28f6abcc05, type: 3}
  m_PrefabInstance: {fileID: 8677001433942407696}
  m_PrefabAsset: {fileID: 0}
--- !u!95 &7037185163008862197 stripped
Animator:
  m_CorrespondingSourceObject: {fileID: 1856604874125073893, guid: 945aaeb1cb980b443b3f4d28f6abcc05, type: 3}
  m_PrefabInstance: {fileID: 8677001433942407696}
  m_PrefabAsset: {fileID: 0}
