%YAML 1.1
%TAG !u! tag:unity3d.com,2011:
--- !u!1 &1380280874883119382
GameObject:
  m_ObjectHideFlags: 0
  m_CorrespondingSourceObject: {fileID: 0}
  m_PrefabInstance: {fileID: 0}
  m_PrefabAsset: {fileID: 0}
  serializedVersion: 6
  m_Component:
  - component: {fileID: 1380280874883119387}
  - component: {fileID: 1380280874883119384}
  - component: {fileID: 1380280874883119385}
  m_Layer: 5
  m_Name: PathImage (4)
  m_TagString: Untagged
  m_Icon: {fileID: 0}
  m_NavMeshLayer: 0
  m_StaticEditorFlags: 0
  m_IsActive: 1
--- !u!224 &1380280874883119387
RectTransform:
  m_ObjectHideFlags: 0
  m_CorrespondingSourceObject: {fileID: 0}
  m_PrefabInstance: {fileID: 0}
  m_PrefabAsset: {fileID: 0}
  m_GameObject: {fileID: 1380280874883119382}
  m_LocalRotation: {x: 0, y: 0, z: 0.7071068, w: 0.7071068}
  m_LocalPosition: {x: 0, y: 0, z: 0}
  m_LocalScale: {x: 1, y: 1, z: 1}
  m_ConstrainProportionsScale: 0
  m_Children: []
  m_Father: {fileID: 8988556641134259533}
  m_RootOrder: 4
  m_LocalEulerAnglesHint: {x: 0, y: 0, z: 90}
  m_AnchorMin: {x: 0.5, y: 0.5}
  m_AnchorMax: {x: 0.5, y: 0.5}
  m_AnchoredPosition: {x: 131.39996, y: -144}
  m_SizeDelta: {x: 39.17, y: 6.25}
  m_Pivot: {x: 0.5, y: 0.5}
--- !u!222 &1380280874883119384
CanvasRenderer:
  m_ObjectHideFlags: 0
  m_CorrespondingSourceObject: {fileID: 0}
  m_PrefabInstance: {fileID: 0}
  m_PrefabAsset: {fileID: 0}
  m_GameObject: {fileID: 1380280874883119382}
  m_CullTransparentMesh: 1
--- !u!114 &1380280874883119385
MonoBehaviour:
  m_ObjectHideFlags: 0
  m_CorrespondingSourceObject: {fileID: 0}
  m_PrefabInstance: {fileID: 0}
  m_PrefabAsset: {fileID: 0}
  m_GameObject: {fileID: 1380280874883119382}
  m_Enabled: 1
  m_EditorHideFlags: 0
  m_Script: {fileID: 11500000, guid: fe87c0e1cc204ed48ad3b37840f39efc, type: 3}
  m_Name: 
  m_EditorClassIdentifier: 
  m_Material: {fileID: 0}
  m_Color: {r: 1, g: 1, b: 1, a: 1}
  m_RaycastTarget: 1
  m_RaycastPadding: {x: 0, y: 0, z: 0, w: 0}
  m_Maskable: 1
  m_OnCullStateChanged:
    m_PersistentCalls:
      m_Calls: []
  m_Sprite: {fileID: 2020717920, guid: cae652c32ff14074fb1218065e7ed8e1, type: 3}
  m_Type: 0
  m_PreserveAspect: 0
  m_FillCenter: 1
  m_FillMethod: 4
  m_FillAmount: 1
  m_FillClockwise: 1
  m_FillOrigin: 0
  m_UseSpriteMesh: 0
  m_PixelsPerUnitMultiplier: 1
--- !u!1 &1380280874986860682
GameObject:
  m_ObjectHideFlags: 0
  m_CorrespondingSourceObject: {fileID: 0}
  m_PrefabInstance: {fileID: 0}
  m_PrefabAsset: {fileID: 0}
  serializedVersion: 6
  m_Component:
  - component: {fileID: 1380280874986860687}
  - component: {fileID: 1380280874986860684}
  - component: {fileID: 1380280874986860685}
  m_Layer: 5
  m_Name: PathImage (6)
  m_TagString: Untagged
  m_Icon: {fileID: 0}
  m_NavMeshLayer: 0
  m_StaticEditorFlags: 0
  m_IsActive: 1
--- !u!224 &1380280874986860687
RectTransform:
  m_ObjectHideFlags: 0
  m_CorrespondingSourceObject: {fileID: 0}
  m_PrefabInstance: {fileID: 0}
  m_PrefabAsset: {fileID: 0}
  m_GameObject: {fileID: 1380280874986860682}
  m_LocalRotation: {x: 0, y: 0, z: 0.7071068, w: 0.7071068}
  m_LocalPosition: {x: 0, y: 0, z: 0}
  m_LocalScale: {x: 1, y: 1, z: 1}
  m_ConstrainProportionsScale: 0
  m_Children: []
  m_Father: {fileID: 8988556641134259533}
  m_RootOrder: 6
  m_LocalEulerAnglesHint: {x: 0, y: 0, z: 90}
  m_AnchorMin: {x: 0.5, y: 0.5}
  m_AnchorMax: {x: 0.5, y: 0.5}
  m_AnchoredPosition: {x: -31, y: -133.7}
  m_SizeDelta: {x: 39.17, y: 6.25}
  m_Pivot: {x: 0.5, y: 0.5}
--- !u!222 &1380280874986860684
CanvasRenderer:
  m_ObjectHideFlags: 0
  m_CorrespondingSourceObject: {fileID: 0}
  m_PrefabInstance: {fileID: 0}
  m_PrefabAsset: {fileID: 0}
  m_GameObject: {fileID: 1380280874986860682}
  m_CullTransparentMesh: 1
--- !u!114 &1380280874986860685
MonoBehaviour:
  m_ObjectHideFlags: 0
  m_CorrespondingSourceObject: {fileID: 0}
  m_PrefabInstance: {fileID: 0}
  m_PrefabAsset: {fileID: 0}
  m_GameObject: {fileID: 1380280874986860682}
  m_Enabled: 1
  m_EditorHideFlags: 0
  m_Script: {fileID: 11500000, guid: fe87c0e1cc204ed48ad3b37840f39efc, type: 3}
  m_Name: 
  m_EditorClassIdentifier: 
  m_Material: {fileID: 0}
  m_Color: {r: 1, g: 1, b: 1, a: 1}
  m_RaycastTarget: 1
  m_RaycastPadding: {x: 0, y: 0, z: 0, w: 0}
  m_Maskable: 1
  m_OnCullStateChanged:
    m_PersistentCalls:
      m_Calls: []
  m_Sprite: {fileID: 2020717920, guid: cae652c32ff14074fb1218065e7ed8e1, type: 3}
  m_Type: 0
  m_PreserveAspect: 0
  m_FillCenter: 1
  m_FillMethod: 4
  m_FillAmount: 1
  m_FillClockwise: 1
  m_FillOrigin: 0
  m_UseSpriteMesh: 0
  m_PixelsPerUnitMultiplier: 1
--- !u!1 &1380280875467933142
GameObject:
  m_ObjectHideFlags: 0
  m_CorrespondingSourceObject: {fileID: 0}
  m_PrefabInstance: {fileID: 0}
  m_PrefabAsset: {fileID: 0}
  serializedVersion: 6
  m_Component:
  - component: {fileID: 1380280875467933147}
  - component: {fileID: 1380280875467933144}
  - component: {fileID: 1380280875467933145}
  m_Layer: 5
  m_Name: PathImage (7)
  m_TagString: Untagged
  m_Icon: {fileID: 0}
  m_NavMeshLayer: 0
  m_StaticEditorFlags: 0
  m_IsActive: 1
--- !u!224 &1380280875467933147
RectTransform:
  m_ObjectHideFlags: 0
  m_CorrespondingSourceObject: {fileID: 0}
  m_PrefabInstance: {fileID: 0}
  m_PrefabAsset: {fileID: 0}
  m_GameObject: {fileID: 1380280875467933142}
  m_LocalRotation: {x: 0, y: 0, z: 0, w: 1}
  m_LocalPosition: {x: 0, y: 0, z: 0}
  m_LocalScale: {x: 1, y: 1, z: 1}
  m_ConstrainProportionsScale: 0
  m_Children: []
  m_Father: {fileID: 8988556641134259533}
  m_RootOrder: 7
  m_LocalEulerAnglesHint: {x: 0, y: 0, z: 0}
  m_AnchorMin: {x: 0.5, y: 0.5}
  m_AnchorMax: {x: 0.5, y: 0.5}
  m_AnchoredPosition: {x: -292, y: -19}
  m_SizeDelta: {x: 39.17, y: 6.25}
  m_Pivot: {x: 0.5, y: 0.5}
--- !u!222 &1380280875467933144
CanvasRenderer:
  m_ObjectHideFlags: 0
  m_CorrespondingSourceObject: {fileID: 0}
  m_PrefabInstance: {fileID: 0}
  m_PrefabAsset: {fileID: 0}
  m_GameObject: {fileID: 1380280875467933142}
  m_CullTransparentMesh: 1
--- !u!114 &1380280875467933145
MonoBehaviour:
  m_ObjectHideFlags: 0
  m_CorrespondingSourceObject: {fileID: 0}
  m_PrefabInstance: {fileID: 0}
  m_PrefabAsset: {fileID: 0}
  m_GameObject: {fileID: 1380280875467933142}
  m_Enabled: 1
  m_EditorHideFlags: 0
  m_Script: {fileID: 11500000, guid: fe87c0e1cc204ed48ad3b37840f39efc, type: 3}
  m_Name: 
  m_EditorClassIdentifier: 
  m_Material: {fileID: 0}
  m_Color: {r: 1, g: 1, b: 1, a: 1}
  m_RaycastTarget: 1
  m_RaycastPadding: {x: 0, y: 0, z: 0, w: 0}
  m_Maskable: 1
  m_OnCullStateChanged:
    m_PersistentCalls:
      m_Calls: []
  m_Sprite: {fileID: 2020717920, guid: cae652c32ff14074fb1218065e7ed8e1, type: 3}
  m_Type: 0
  m_PreserveAspect: 0
  m_FillCenter: 1
  m_FillMethod: 4
  m_FillAmount: 1
  m_FillClockwise: 1
  m_FillOrigin: 0
  m_UseSpriteMesh: 0
  m_PixelsPerUnitMultiplier: 1
--- !u!1 &1380280876020045074
GameObject:
  m_ObjectHideFlags: 0
  m_CorrespondingSourceObject: {fileID: 0}
  m_PrefabInstance: {fileID: 0}
  m_PrefabAsset: {fileID: 0}
  serializedVersion: 6
  m_Component:
  - component: {fileID: 1380280876020045079}
  - component: {fileID: 1380280876020045076}
  - component: {fileID: 1380280876020045077}
  m_Layer: 5
  m_Name: PathImage (5)
  m_TagString: Untagged
  m_Icon: {fileID: 0}
  m_NavMeshLayer: 0
  m_StaticEditorFlags: 0
  m_IsActive: 1
--- !u!224 &1380280876020045079
RectTransform:
  m_ObjectHideFlags: 0
  m_CorrespondingSourceObject: {fileID: 0}
  m_PrefabInstance: {fileID: 0}
  m_PrefabAsset: {fileID: 0}
  m_GameObject: {fileID: 1380280876020045074}
  m_LocalRotation: {x: 0, y: 0, z: 0, w: 1}
  m_LocalPosition: {x: 0, y: 0, z: 0}
  m_LocalScale: {x: 1, y: 1, z: 1}
  m_ConstrainProportionsScale: 0
  m_Children: []
  m_Father: {fileID: 8988556641134259533}
  m_RootOrder: 5
  m_LocalEulerAnglesHint: {x: 0, y: 0, z: 0}
  m_AnchorMin: {x: 0.5, y: 0.5}
  m_AnchorMax: {x: 0.5, y: 0.5}
  m_AnchoredPosition: {x: -11.600039, y: -115}
  m_SizeDelta: {x: 39.17, y: 6.25}
  m_Pivot: {x: 0.5, y: 0.5}
--- !u!222 &1380280876020045076
CanvasRenderer:
  m_ObjectHideFlags: 0
  m_CorrespondingSourceObject: {fileID: 0}
  m_PrefabInstance: {fileID: 0}
  m_PrefabAsset: {fileID: 0}
  m_GameObject: {fileID: 1380280876020045074}
  m_CullTransparentMesh: 1
--- !u!114 &1380280876020045077
MonoBehaviour:
  m_ObjectHideFlags: 0
  m_CorrespondingSourceObject: {fileID: 0}
  m_PrefabInstance: {fileID: 0}
  m_PrefabAsset: {fileID: 0}
  m_GameObject: {fileID: 1380280876020045074}
  m_Enabled: 1
  m_EditorHideFlags: 0
  m_Script: {fileID: 11500000, guid: fe87c0e1cc204ed48ad3b37840f39efc, type: 3}
  m_Name: 
  m_EditorClassIdentifier: 
  m_Material: {fileID: 0}
  m_Color: {r: 1, g: 1, b: 1, a: 1}
  m_RaycastTarget: 1
  m_RaycastPadding: {x: 0, y: 0, z: 0, w: 0}
  m_Maskable: 1
  m_OnCullStateChanged:
    m_PersistentCalls:
      m_Calls: []
  m_Sprite: {fileID: 2020717920, guid: cae652c32ff14074fb1218065e7ed8e1, type: 3}
  m_Type: 0
  m_PreserveAspect: 0
  m_FillCenter: 1
  m_FillMethod: 4
  m_FillAmount: 1
  m_FillClockwise: 1
  m_FillOrigin: 0
  m_UseSpriteMesh: 0
  m_PixelsPerUnitMultiplier: 1
--- !u!1 &1380280876395391802
GameObject:
  m_ObjectHideFlags: 0
  m_CorrespondingSourceObject: {fileID: 0}
  m_PrefabInstance: {fileID: 0}
  m_PrefabAsset: {fileID: 0}
  serializedVersion: 6
  m_Component:
  - component: {fileID: 1380280876395391807}
  - component: {fileID: 1380280876395391804}
  - component: {fileID: 1380280876395391805}
  m_Layer: 5
  m_Name: PathImage (2)
  m_TagString: Untagged
  m_Icon: {fileID: 0}
  m_NavMeshLayer: 0
  m_StaticEditorFlags: 0
  m_IsActive: 1
--- !u!224 &1380280876395391807
RectTransform:
  m_ObjectHideFlags: 0
  m_CorrespondingSourceObject: {fileID: 0}
  m_PrefabInstance: {fileID: 0}
  m_PrefabAsset: {fileID: 0}
  m_GameObject: {fileID: 1380280876395391802}
  m_LocalRotation: {x: 0, y: 0, z: 0.7071068, w: 0.7071068}
  m_LocalPosition: {x: 0, y: 0, z: 0}
  m_LocalScale: {x: 1, y: 1, z: 1}
  m_ConstrainProportionsScale: 0
  m_Children: []
  m_Father: {fileID: 8988556641134259533}
  m_RootOrder: 2
  m_LocalEulerAnglesHint: {x: 0, y: 0, z: 90}
  m_AnchorMin: {x: 0.5, y: 0.5}
  m_AnchorMax: {x: 0.5, y: 0.5}
  m_AnchoredPosition: {x: 170.89996, y: 95.6}
  m_SizeDelta: {x: 39.17, y: 6.25}
  m_Pivot: {x: 0.5, y: 0.5}
--- !u!222 &1380280876395391804
CanvasRenderer:
  m_ObjectHideFlags: 0
  m_CorrespondingSourceObject: {fileID: 0}
  m_PrefabInstance: {fileID: 0}
  m_PrefabAsset: {fileID: 0}
  m_GameObject: {fileID: 1380280876395391802}
  m_CullTransparentMesh: 1
--- !u!114 &1380280876395391805
MonoBehaviour:
  m_ObjectHideFlags: 0
  m_CorrespondingSourceObject: {fileID: 0}
  m_PrefabInstance: {fileID: 0}
  m_PrefabAsset: {fileID: 0}
  m_GameObject: {fileID: 1380280876395391802}
  m_Enabled: 1
  m_EditorHideFlags: 0
  m_Script: {fileID: 11500000, guid: fe87c0e1cc204ed48ad3b37840f39efc, type: 3}
  m_Name: 
  m_EditorClassIdentifier: 
  m_Material: {fileID: 0}
  m_Color: {r: 1, g: 1, b: 1, a: 1}
  m_RaycastTarget: 1
  m_RaycastPadding: {x: 0, y: 0, z: 0, w: 0}
  m_Maskable: 1
  m_OnCullStateChanged:
    m_PersistentCalls:
      m_Calls: []
  m_Sprite: {fileID: 2020717920, guid: cae652c32ff14074fb1218065e7ed8e1, type: 3}
  m_Type: 0
  m_PreserveAspect: 0
  m_FillCenter: 1
  m_FillMethod: 4
  m_FillAmount: 1
  m_FillClockwise: 1
  m_FillOrigin: 0
  m_UseSpriteMesh: 0
  m_PixelsPerUnitMultiplier: 1
--- !u!1 &1380280876471564588
GameObject:
  m_ObjectHideFlags: 0
  m_CorrespondingSourceObject: {fileID: 0}
  m_PrefabInstance: {fileID: 0}
  m_PrefabAsset: {fileID: 0}
  serializedVersion: 6
  m_Component:
  - component: {fileID: 1380280876471566033}
  - component: {fileID: 1380280876471564590}
  - component: {fileID: 1380280876471564591}
  m_Layer: 5
  m_Name: PathImage (3)
  m_TagString: Untagged
  m_Icon: {fileID: 0}
  m_NavMeshLayer: 0
  m_StaticEditorFlags: 0
  m_IsActive: 1
--- !u!224 &1380280876471566033
RectTransform:
  m_ObjectHideFlags: 0
  m_CorrespondingSourceObject: {fileID: 0}
  m_PrefabInstance: {fileID: 0}
  m_PrefabAsset: {fileID: 0}
  m_GameObject: {fileID: 1380280876471564588}
  m_LocalRotation: {x: 0, y: 0, z: 0.7071068, w: 0.7071068}
  m_LocalPosition: {x: 0, y: 0, z: 0}
  m_LocalScale: {x: 1, y: 1, z: 1}
  m_ConstrainProportionsScale: 0
  m_Children: []
  m_Father: {fileID: 8988556641134259533}
  m_RootOrder: 3
  m_LocalEulerAnglesHint: {x: 0, y: 0, z: 90}
  m_AnchorMin: {x: 0.5, y: 0.5}
  m_AnchorMax: {x: 0.5, y: 0.5}
  m_AnchoredPosition: {x: 71.99996, y: 95.6}
  m_SizeDelta: {x: 39.17, y: 6.25}
  m_Pivot: {x: 0.5, y: 0.5}
--- !u!222 &1380280876471564590
CanvasRenderer:
  m_ObjectHideFlags: 0
  m_CorrespondingSourceObject: {fileID: 0}
  m_PrefabInstance: {fileID: 0}
  m_PrefabAsset: {fileID: 0}
  m_GameObject: {fileID: 1380280876471564588}
  m_CullTransparentMesh: 1
--- !u!114 &1380280876471564591
MonoBehaviour:
  m_ObjectHideFlags: 0
  m_CorrespondingSourceObject: {fileID: 0}
  m_PrefabInstance: {fileID: 0}
  m_PrefabAsset: {fileID: 0}
  m_GameObject: {fileID: 1380280876471564588}
  m_Enabled: 1
  m_EditorHideFlags: 0
  m_Script: {fileID: 11500000, guid: fe87c0e1cc204ed48ad3b37840f39efc, type: 3}
  m_Name: 
  m_EditorClassIdentifier: 
  m_Material: {fileID: 0}
  m_Color: {r: 1, g: 1, b: 1, a: 1}
  m_RaycastTarget: 1
  m_RaycastPadding: {x: 0, y: 0, z: 0, w: 0}
  m_Maskable: 1
  m_OnCullStateChanged:
    m_PersistentCalls:
      m_Calls: []
  m_Sprite: {fileID: 2020717920, guid: cae652c32ff14074fb1218065e7ed8e1, type: 3}
  m_Type: 0
  m_PreserveAspect: 0
  m_FillCenter: 1
  m_FillMethod: 4
  m_FillAmount: 1
  m_FillClockwise: 1
  m_FillOrigin: 0
  m_UseSpriteMesh: 0
  m_PixelsPerUnitMultiplier: 1
--- !u!1 &6756988352102135454
GameObject:
  m_ObjectHideFlags: 0
  m_CorrespondingSourceObject: {fileID: 0}
  m_PrefabInstance: {fileID: 0}
  m_PrefabAsset: {fileID: 0}
  serializedVersion: 6
  m_Component:
  - component: {fileID: 2150016925519949320}
  - component: {fileID: 5921154030145830373}
  - component: {fileID: 3307444114412817596}
  - component: {fileID: 3586795148252266791}
  m_Layer: 5
  m_Name: TargetIcon
  m_TagString: Untagged
  m_Icon: {fileID: 0}
  m_NavMeshLayer: 0
  m_StaticEditorFlags: 0
  m_IsActive: 1
--- !u!224 &2150016925519949320
RectTransform:
  m_ObjectHideFlags: 0
  m_CorrespondingSourceObject: {fileID: 0}
  m_PrefabInstance: {fileID: 0}
  m_PrefabAsset: {fileID: 0}
  m_GameObject: {fileID: 6756988352102135454}
  m_LocalRotation: {x: -0, y: -0, z: -0, w: 1}
  m_LocalPosition: {x: 0, y: 0, z: 0}
  m_LocalScale: {x: 1, y: 1, z: 1}
  m_ConstrainProportionsScale: 0
  m_Children: []
  m_Father: {fileID: 8988556641134259533}
  m_RootOrder: 12
  m_LocalEulerAnglesHint: {x: 0, y: 0, z: 0}
  m_AnchorMin: {x: 0.5, y: 0.5}
  m_AnchorMax: {x: 0.5, y: 0.5}
  m_AnchoredPosition: {x: -41, y: 64}
  m_SizeDelta: {x: 50, y: 78.125}
  m_Pivot: {x: 0.5, y: 0.5}
--- !u!222 &5921154030145830373
CanvasRenderer:
  m_ObjectHideFlags: 0
  m_CorrespondingSourceObject: {fileID: 0}
  m_PrefabInstance: {fileID: 0}
  m_PrefabAsset: {fileID: 0}
  m_GameObject: {fileID: 6756988352102135454}
  m_CullTransparentMesh: 1
--- !u!114 &3307444114412817596
MonoBehaviour:
  m_ObjectHideFlags: 0
  m_CorrespondingSourceObject: {fileID: 0}
  m_PrefabInstance: {fileID: 0}
  m_PrefabAsset: {fileID: 0}
  m_GameObject: {fileID: 6756988352102135454}
  m_Enabled: 1
  m_EditorHideFlags: 0
  m_Script: {fileID: 11500000, guid: fe87c0e1cc204ed48ad3b37840f39efc, type: 3}
  m_Name: 
  m_EditorClassIdentifier: 
  m_Material: {fileID: 0}
  m_Color: {r: 1, g: 1, b: 1, a: 1}
  m_RaycastTarget: 0
  m_RaycastPadding: {x: 0, y: 0, z: 0, w: 0}
  m_Maskable: 1
  m_OnCullStateChanged:
    m_PersistentCalls:
      m_Calls: []
  m_Sprite: {fileID: 1106089516, guid: 5a55e7da9dd5e164e99958b1b3d64fdf, type: 3}
  m_Type: 0
  m_PreserveAspect: 0
  m_FillCenter: 1
  m_FillMethod: 4
  m_FillAmount: 1
  m_FillClockwise: 1
  m_FillOrigin: 0
  m_UseSpriteMesh: 0
  m_PixelsPerUnitMultiplier: 1
--- !u!95 &3586795148252266791
Animator:
  serializedVersion: 4
  m_ObjectHideFlags: 0
  m_CorrespondingSourceObject: {fileID: 0}
  m_PrefabInstance: {fileID: 0}
  m_PrefabAsset: {fileID: 0}
  m_GameObject: {fileID: 6756988352102135454}
  m_Enabled: 1
  m_Avatar: {fileID: 0}
  m_Controller: {fileID: 9100000, guid: 5a8c007064841fe40af53ec2bf6d0f91, type: 2}
  m_CullingMode: 0
  m_UpdateMode: 2
  m_ApplyRootMotion: 0
  m_LinearVelocityBlending: 0
  m_StabilizeFeet: 0
  m_WarningMessage: 
  m_HasTransformHierarchy: 1
  m_AllowConstantClipSamplingOptimization: 1
  m_KeepAnimatorControllerStateOnDisable: 0
--- !u!1 &8988556640119167051
GameObject:
  m_ObjectHideFlags: 0
  m_CorrespondingSourceObject: {fileID: 0}
  m_PrefabInstance: {fileID: 0}
  m_PrefabAsset: {fileID: 0}
  serializedVersion: 6
  m_Component:
  - component: {fileID: 8988556640119167060}
  - component: {fileID: 8988556640119167062}
  - component: {fileID: 8988556640119167061}
  m_Layer: 5
  m_Name: PathImage (1)
  m_TagString: Untagged
  m_Icon: {fileID: 0}
  m_NavMeshLayer: 0
  m_StaticEditorFlags: 0
  m_IsActive: 1
--- !u!224 &8988556640119167060
RectTransform:
  m_ObjectHideFlags: 0
  m_CorrespondingSourceObject: {fileID: 0}
  m_PrefabInstance: {fileID: 0}
  m_PrefabAsset: {fileID: 0}
  m_GameObject: {fileID: 8988556640119167051}
  m_LocalRotation: {x: 0, y: 0, z: 0, w: 1}
  m_LocalPosition: {x: 0, y: 0, z: 0}
  m_LocalScale: {x: 1, y: 1, z: 1}
  m_ConstrainProportionsScale: 0
  m_Children: []
  m_Father: {fileID: 8988556641134259533}
  m_RootOrder: 1
  m_LocalEulerAnglesHint: {x: 0, y: 0, z: 0}
  m_AnchorMin: {x: 0.5, y: 0.5}
  m_AnchorMax: {x: 0.5, y: 0.5}
  m_AnchoredPosition: {x: 244.39996, y: -26}
  m_SizeDelta: {x: 39.17, y: 6.25}
  m_Pivot: {x: 0.5, y: 0.5}
--- !u!222 &8988556640119167062
CanvasRenderer:
  m_ObjectHideFlags: 0
  m_CorrespondingSourceObject: {fileID: 0}
  m_PrefabInstance: {fileID: 0}
  m_PrefabAsset: {fileID: 0}
  m_GameObject: {fileID: 8988556640119167051}
  m_CullTransparentMesh: 1
--- !u!114 &8988556640119167061
MonoBehaviour:
  m_ObjectHideFlags: 0
  m_CorrespondingSourceObject: {fileID: 0}
  m_PrefabInstance: {fileID: 0}
  m_PrefabAsset: {fileID: 0}
  m_GameObject: {fileID: 8988556640119167051}
  m_Enabled: 1
  m_EditorHideFlags: 0
  m_Script: {fileID: 11500000, guid: fe87c0e1cc204ed48ad3b37840f39efc, type: 3}
  m_Name: 
  m_EditorClassIdentifier: 
  m_Material: {fileID: 0}
  m_Color: {r: 1, g: 1, b: 1, a: 1}
  m_RaycastTarget: 1
  m_RaycastPadding: {x: 0, y: 0, z: 0, w: 0}
  m_Maskable: 1
  m_OnCullStateChanged:
    m_PersistentCalls:
      m_Calls: []
  m_Sprite: {fileID: 2020717920, guid: cae652c32ff14074fb1218065e7ed8e1, type: 3}
  m_Type: 0
  m_PreserveAspect: 0
  m_FillCenter: 1
  m_FillMethod: 4
  m_FillAmount: 1
  m_FillClockwise: 1
  m_FillOrigin: 0
  m_UseSpriteMesh: 0
  m_PixelsPerUnitMultiplier: 1
--- !u!1 &8988556641100559300
GameObject:
  m_ObjectHideFlags: 0
  m_CorrespondingSourceObject: {fileID: 0}
  m_PrefabInstance: {fileID: 0}
  m_PrefabAsset: {fileID: 0}
  serializedVersion: 6
  m_Component:
  - component: {fileID: 8988556641100559301}
  - component: {fileID: 8988556641100559303}
  - component: {fileID: 8988556641100559302}
  m_Layer: 5
  m_Name: PathImage
  m_TagString: Untagged
  m_Icon: {fileID: 0}
  m_NavMeshLayer: 0
  m_StaticEditorFlags: 0
  m_IsActive: 1
--- !u!224 &8988556641100559301
RectTransform:
  m_ObjectHideFlags: 0
  m_CorrespondingSourceObject: {fileID: 0}
  m_PrefabInstance: {fileID: 0}
  m_PrefabAsset: {fileID: 0}
  m_GameObject: {fileID: 8988556641100559300}
  m_LocalRotation: {x: 0, y: 0, z: 0, w: 1}
  m_LocalPosition: {x: 0, y: 0, z: 0}
  m_LocalScale: {x: 1, y: 1, z: 1}
  m_ConstrainProportionsScale: 0
  m_Children: []
  m_Father: {fileID: 8988556641134259533}
  m_RootOrder: 0
  m_LocalEulerAnglesHint: {x: 0, y: 0, z: 0}
  m_AnchorMin: {x: 0.5, y: 0.5}
  m_AnchorMax: {x: 0.5, y: 0.5}
  m_AnchoredPosition: {x: -34, y: -24}
  m_SizeDelta: {x: 39.17, y: 6.25}
  m_Pivot: {x: 0.5, y: 0.5}
--- !u!222 &8988556641100559303
CanvasRenderer:
  m_ObjectHideFlags: 0
  m_CorrespondingSourceObject: {fileID: 0}
  m_PrefabInstance: {fileID: 0}
  m_PrefabAsset: {fileID: 0}
  m_GameObject: {fileID: 8988556641100559300}
  m_CullTransparentMesh: 1
--- !u!114 &8988556641100559302
MonoBehaviour:
  m_ObjectHideFlags: 0
  m_CorrespondingSourceObject: {fileID: 0}
  m_PrefabInstance: {fileID: 0}
  m_PrefabAsset: {fileID: 0}
  m_GameObject: {fileID: 8988556641100559300}
  m_Enabled: 1
  m_EditorHideFlags: 0
  m_Script: {fileID: 11500000, guid: fe87c0e1cc204ed48ad3b37840f39efc, type: 3}
  m_Name: 
  m_EditorClassIdentifier: 
  m_Material: {fileID: 0}
  m_Color: {r: 1, g: 1, b: 1, a: 1}
  m_RaycastTarget: 1
  m_RaycastPadding: {x: 0, y: 0, z: 0, w: 0}
  m_Maskable: 1
  m_OnCullStateChanged:
    m_PersistentCalls:
      m_Calls: []
  m_Sprite: {fileID: 2020717920, guid: cae652c32ff14074fb1218065e7ed8e1, type: 3}
  m_Type: 0
  m_PreserveAspect: 0
  m_FillCenter: 1
  m_FillMethod: 4
  m_FillAmount: 1
  m_FillClockwise: 1
  m_FillOrigin: 0
  m_UseSpriteMesh: 0
  m_PixelsPerUnitMultiplier: 1
--- !u!1 &8988556641134259532
GameObject:
  m_ObjectHideFlags: 0
  m_CorrespondingSourceObject: {fileID: 0}
  m_PrefabInstance: {fileID: 0}
  m_PrefabAsset: {fileID: 0}
  serializedVersion: 6
  m_Component:
  - component: {fileID: 8988556641134259533}
  - component: {fileID: 5178904649407043139}
  m_Layer: 5
  m_Name: MapOverallBeginArea
  m_TagString: Untagged
  m_Icon: {fileID: 0}
  m_NavMeshLayer: 0
  m_StaticEditorFlags: 0
  m_IsActive: 1
--- !u!224 &8988556641134259533
RectTransform:
  m_ObjectHideFlags: 0
  m_CorrespondingSourceObject: {fileID: 0}
  m_PrefabInstance: {fileID: 0}
  m_PrefabAsset: {fileID: 0}
  m_GameObject: {fileID: 8988556641134259532}
  m_LocalRotation: {x: 0, y: 0, z: 0, w: 1}
  m_LocalPosition: {x: 0, y: 0, z: 0}
  m_LocalScale: {x: 1, y: 1, z: 1}
  m_ConstrainProportionsScale: 0
  m_Children:
  - {fileID: 8988556641100559301}
  - {fileID: 8988556640119167060}
  - {fileID: 1380280876395391807}
  - {fileID: 1380280876471566033}
  - {fileID: 1380280874883119387}
  - {fileID: 1380280876020045079}
  - {fileID: 1380280874986860687}
  - {fileID: 1380280875467933147}
  - {fileID: 8988556640552887511}
  - {fileID: 7414025482443354216}
  - {fileID: 4410709773766128518}
  - {fileID: 6945682208766156666}
  - {fileID: 2150016925519949320}
  - {fileID: 8988556641854224974}
  m_Father: {fileID: 0}
  m_RootOrder: 0
  m_LocalEulerAnglesHint: {x: 0, y: 0, z: 0}
  m_AnchorMin: {x: 0.5, y: 0.5}
  m_AnchorMax: {x: 0.5, y: 0.5}
  m_AnchoredPosition: {x: 0, y: 0}
  m_SizeDelta: {x: 100, y: 100}
  m_Pivot: {x: 0.5, y: 0.5}
--- !u!114 &5178904649407043139
MonoBehaviour:
  m_ObjectHideFlags: 0
  m_CorrespondingSourceObject: {fileID: 0}
  m_PrefabInstance: {fileID: 0}
  m_PrefabAsset: {fileID: 0}
  m_GameObject: {fileID: 8988556641134259532}
  m_Enabled: 1
  m_EditorHideFlags: 0
  m_Script: {fileID: 11500000, guid: 6905e812550425b4db4a300ff5a59e7e, type: 3}
  m_Name: 
  m_EditorClassIdentifier: 
  mapAreaImages:
  - {fileID: 1105011181148859281}
  - {fileID: 1516558112791641902}
  - {fileID: 5682962596533648576}
  - {fileID: 1408509991447793724}
  playerIcon: {fileID: 8988556641854224974}
  targetIcon: {fileID: 2150016925519949320}
--- !u!1 &8988556641854224973
GameObject:
  m_ObjectHideFlags: 0
  m_CorrespondingSourceObject: {fileID: 0}
  m_PrefabInstance: {fileID: 0}
  m_PrefabAsset: {fileID: 0}
  serializedVersion: 6
  m_Component:
  - component: {fileID: 8988556641854224974}
  - component: {fileID: 8988556641854224968}
  - component: {fileID: 8988556641854224975}
  - component: {fileID: 2719924271974073379}
  m_Layer: 5
  m_Name: PlayerIcon
  m_TagString: Untagged
  m_Icon: {fileID: 0}
  m_NavMeshLayer: 0
  m_StaticEditorFlags: 0
  m_IsActive: 1
--- !u!224 &8988556641854224974
RectTransform:
  m_ObjectHideFlags: 0
  m_CorrespondingSourceObject: {fileID: 0}
  m_PrefabInstance: {fileID: 0}
  m_PrefabAsset: {fileID: 0}
  m_GameObject: {fileID: 8988556641854224973}
  m_LocalRotation: {x: -0, y: -0, z: -0, w: 1}
  m_LocalPosition: {x: 0, y: 0, z: 0}
  m_LocalScale: {x: 1, y: 1, z: 1}
  m_ConstrainProportionsScale: 0
  m_Children: []
  m_Father: {fileID: 8988556641134259533}
  m_RootOrder: 13
  m_LocalEulerAnglesHint: {x: 0, y: 0, z: 0}
  m_AnchorMin: {x: 0.5, y: 0.5}
  m_AnchorMax: {x: 0.5, y: 0.5}
  m_AnchoredPosition: {x: -94, y: 95}
  m_SizeDelta: {x: 62.5, y: 56.25}
  m_Pivot: {x: 0.5, y: 0.5}
--- !u!222 &8988556641854224968
CanvasRenderer:
  m_ObjectHideFlags: 0
  m_CorrespondingSourceObject: {fileID: 0}
  m_PrefabInstance: {fileID: 0}
  m_PrefabAsset: {fileID: 0}
  m_GameObject: {fileID: 8988556641854224973}
  m_CullTransparentMesh: 1
--- !u!114 &8988556641854224975
MonoBehaviour:
  m_ObjectHideFlags: 0
  m_CorrespondingSourceObject: {fileID: 0}
  m_PrefabInstance: {fileID: 0}
  m_PrefabAsset: {fileID: 0}
  m_GameObject: {fileID: 8988556641854224973}
  m_Enabled: 1
  m_EditorHideFlags: 0
  m_Script: {fileID: 11500000, guid: fe87c0e1cc204ed48ad3b37840f39efc, type: 3}
  m_Name: 
  m_EditorClassIdentifier: 
  m_Material: {fileID: 0}
  m_Color: {r: 1, g: 1, b: 1, a: 1}
  m_RaycastTarget: 0
  m_RaycastPadding: {x: 0, y: 0, z: 0, w: 0}
  m_Maskable: 1
  m_OnCullStateChanged:
    m_PersistentCalls:
      m_Calls: []
  m_Sprite: {fileID: -1180864659, guid: cae652c32ff14074fb1218065e7ed8e1, type: 3}
  m_Type: 0
  m_PreserveAspect: 0
  m_FillCenter: 1
  m_FillMethod: 4
  m_FillAmount: 1
  m_FillClockwise: 1
  m_FillOrigin: 0
  m_UseSpriteMesh: 0
  m_PixelsPerUnitMultiplier: 1
--- !u!95 &2719924271974073379
Animator:
  serializedVersion: 4
  m_ObjectHideFlags: 0
  m_CorrespondingSourceObject: {fileID: 0}
  m_PrefabInstance: {fileID: 0}
  m_PrefabAsset: {fileID: 0}
  m_GameObject: {fileID: 8988556641854224973}
  m_Enabled: 1
  m_Avatar: {fileID: 0}
  m_Controller: {fileID: 9100000, guid: efdd90c425166484c994ada8ef42cb57, type: 2}
  m_CullingMode: 0
  m_UpdateMode: 0
  m_ApplyRootMotion: 0
  m_LinearVelocityBlending: 0
  m_StabilizeFeet: 0
  m_WarningMessage: 
  m_HasTransformHierarchy: 1
  m_AllowConstantClipSamplingOptimization: 1
  m_KeepAnimatorControllerStateOnDisable: 0
--- !u!1001 &682737784811263200
PrefabInstance:
  m_ObjectHideFlags: 0
  serializedVersion: 2
  m_Modification:
    m_TransformParent: {fileID: 8988556641134259533}
    m_Modifications:
    - target: {fileID: 444831298018606961, guid: fda78237abc83b5448d9ae1a6c016a1e, type: 3}
      propertyPath: pathImages.Array.size
      value: 1
      objectReference: {fileID: 0}
    - target: {fileID: 444831298018606961, guid: fda78237abc83b5448d9ae1a6c016a1e, type: 3}
      propertyPath: pathImages.Array.data[0]
      value: 
      objectReference: {fileID: 1380280875467933145}
    - target: {fileID: 444831298018606961, guid: fda78237abc83b5448d9ae1a6c016a1e, type: 3}
      propertyPath: pathImages.Array.data[1]
      value: 
      objectReference: {fileID: 0}
    - target: {fileID: 444831298018606961, guid: fda78237abc83b5448d9ae1a6c016a1e, type: 3}
      propertyPath: sceneTypes.Array.data[0]
      value: 101
      objectReference: {fileID: 0}
    - target: {fileID: 8486002988052885558, guid: fda78237abc83b5448d9ae1a6c016a1e, type: 3}
      propertyPath: m_Name
      value: MapAreaImage
      objectReference: {fileID: 0}
    - target: {fileID: 8486002988052885559, guid: fda78237abc83b5448d9ae1a6c016a1e, type: 3}
      propertyPath: m_Pivot.x
      value: 0.5
      objectReference: {fileID: 0}
    - target: {fileID: 8486002988052885559, guid: fda78237abc83b5448d9ae1a6c016a1e, type: 3}
      propertyPath: m_Pivot.y
      value: 0.5
      objectReference: {fileID: 0}
    - target: {fileID: 8486002988052885559, guid: fda78237abc83b5448d9ae1a6c016a1e, type: 3}
      propertyPath: m_RootOrder
      value: 8
      objectReference: {fileID: 0}
    - target: {fileID: 8486002988052885559, guid: fda78237abc83b5448d9ae1a6c016a1e, type: 3}
      propertyPath: m_AnchorMax.x
      value: 0.5
      objectReference: {fileID: 0}
    - target: {fileID: 8486002988052885559, guid: fda78237abc83b5448d9ae1a6c016a1e, type: 3}
      propertyPath: m_AnchorMax.y
      value: 0.5
      objectReference: {fileID: 0}
    - target: {fileID: 8486002988052885559, guid: fda78237abc83b5448d9ae1a6c016a1e, type: 3}
      propertyPath: m_AnchorMin.x
      value: 0.5
      objectReference: {fileID: 0}
    - target: {fileID: 8486002988052885559, guid: fda78237abc83b5448d9ae1a6c016a1e, type: 3}
      propertyPath: m_AnchorMin.y
      value: 0.5
      objectReference: {fileID: 0}
    - target: {fileID: 8486002988052885559, guid: fda78237abc83b5448d9ae1a6c016a1e, type: 3}
      propertyPath: m_SizeDelta.x
      value: 135.48
      objectReference: {fileID: 0}
    - target: {fileID: 8486002988052885559, guid: fda78237abc83b5448d9ae1a6c016a1e, type: 3}
      propertyPath: m_SizeDelta.y
      value: 132.1
      objectReference: {fileID: 0}
    - target: {fileID: 8486002988052885559, guid: fda78237abc83b5448d9ae1a6c016a1e, type: 3}
      propertyPath: m_LocalPosition.x
      value: 0
      objectReference: {fileID: 0}
    - target: {fileID: 8486002988052885559, guid: fda78237abc83b5448d9ae1a6c016a1e, type: 3}
      propertyPath: m_LocalPosition.y
      value: 0
      objectReference: {fileID: 0}
    - target: {fileID: 8486002988052885559, guid: fda78237abc83b5448d9ae1a6c016a1e, type: 3}
      propertyPath: m_LocalPosition.z
      value: 0
      objectReference: {fileID: 0}
    - target: {fileID: 8486002988052885559, guid: fda78237abc83b5448d9ae1a6c016a1e, type: 3}
      propertyPath: m_LocalRotation.w
      value: 1
      objectReference: {fileID: 0}
    - target: {fileID: 8486002988052885559, guid: fda78237abc83b5448d9ae1a6c016a1e, type: 3}
      propertyPath: m_LocalRotation.x
      value: 0
      objectReference: {fileID: 0}
    - target: {fileID: 8486002988052885559, guid: fda78237abc83b5448d9ae1a6c016a1e, type: 3}
      propertyPath: m_LocalRotation.y
      value: 0
      objectReference: {fileID: 0}
    - target: {fileID: 8486002988052885559, guid: fda78237abc83b5448d9ae1a6c016a1e, type: 3}
      propertyPath: m_LocalRotation.z
      value: 0
      objectReference: {fileID: 0}
    - target: {fileID: 8486002988052885559, guid: fda78237abc83b5448d9ae1a6c016a1e, type: 3}
      propertyPath: m_AnchoredPosition.x
      value: -366
      objectReference: {fileID: 0}
    - target: {fileID: 8486002988052885559, guid: fda78237abc83b5448d9ae1a6c016a1e, type: 3}
      propertyPath: m_AnchoredPosition.y
      value: 0.82498
      objectReference: {fileID: 0}
    - target: {fileID: 8486002988052885559, guid: fda78237abc83b5448d9ae1a6c016a1e, type: 3}
      propertyPath: m_LocalEulerAnglesHint.x
      value: 0
      objectReference: {fileID: 0}
    - target: {fileID: 8486002988052885559, guid: fda78237abc83b5448d9ae1a6c016a1e, type: 3}
      propertyPath: m_LocalEulerAnglesHint.y
      value: 0
      objectReference: {fileID: 0}
    - target: {fileID: 8486002988052885559, guid: fda78237abc83b5448d9ae1a6c016a1e, type: 3}
      propertyPath: m_LocalEulerAnglesHint.z
      value: 0
      objectReference: {fileID: 0}
    m_RemovedComponents: []
  m_SourcePrefab: {fileID: 100100000, guid: fda78237abc83b5448d9ae1a6c016a1e, type: 3}
--- !u!114 &1105011181148859281 stripped
MonoBehaviour:
  m_CorrespondingSourceObject: {fileID: 444831298018606961, guid: fda78237abc83b5448d9ae1a6c016a1e, type: 3}
  m_PrefabInstance: {fileID: 682737784811263200}
  m_PrefabAsset: {fileID: 0}
  m_GameObject: {fileID: 0}
  m_Enabled: 1
  m_EditorHideFlags: 0
  m_Script: {fileID: 11500000, guid: f4aa45fb1b14708439b2c1049aca8706, type: 3}
  m_Name: 
  m_EditorClassIdentifier: 
--- !u!224 &8988556640552887511 stripped
RectTransform:
  m_CorrespondingSourceObject: {fileID: 8486002988052885559, guid: fda78237abc83b5448d9ae1a6c016a1e, type: 3}
  m_PrefabInstance: {fileID: 682737784811263200}
  m_PrefabAsset: {fileID: 0}
--- !u!1001 &1380280876489850975
PrefabInstance:
  m_ObjectHideFlags: 0
  serializedVersion: 2
  m_Modification:
    m_TransformParent: {fileID: 8988556641134259533}
    m_Modifications:
    - target: {fileID: 444831298018606961, guid: fda78237abc83b5448d9ae1a6c016a1e, type: 3}
      propertyPath: areaName
      value: "Khu v\u1EF1c 2"
      objectReference: {fileID: 0}
    - target: {fileID: 444831298018606961, guid: fda78237abc83b5448d9ae1a6c016a1e, type: 3}
      propertyPath: rectTransform
      value: 
      objectReference: {fileID: 7414025482443354216}
    - target: {fileID: 444831298018606961, guid: fda78237abc83b5448d9ae1a6c016a1e, type: 3}
      propertyPath: pathImages.Array.size
      value: 2
      objectReference: {fileID: 0}
    - target: {fileID: 444831298018606961, guid: fda78237abc83b5448d9ae1a6c016a1e, type: 3}
      propertyPath: pathImages.Array.data[0]
      value: 
      objectReference: {fileID: 8988556641100559302}
    - target: {fileID: 444831298018606961, guid: fda78237abc83b5448d9ae1a6c016a1e, type: 3}
      propertyPath: pathImages.Array.data[1]
      value: 
      objectReference: {fileID: 1380280875467933145}
    - target: {fileID: 444831298018606961, guid: fda78237abc83b5448d9ae1a6c016a1e, type: 3}
      propertyPath: pathImages.Array.data[2]
      value: 
      objectReference: {fileID: 0}
    - target: {fileID: 444831298018606961, guid: fda78237abc83b5448d9ae1a6c016a1e, type: 3}
      propertyPath: sceneTypes.Array.data[0]
      value: 102
      objectReference: {fileID: 0}
    - target: {fileID: 8486002988052885552, guid: fda78237abc83b5448d9ae1a6c016a1e, type: 3}
      propertyPath: m_Sprite
      value: 
      objectReference: {fileID: -730325927, guid: cae652c32ff14074fb1218065e7ed8e1, type: 3}
    - target: {fileID: 8486002988052885558, guid: fda78237abc83b5448d9ae1a6c016a1e, type: 3}
      propertyPath: m_Name
      value: MapAreaImage (1)
      objectReference: {fileID: 0}
    - target: {fileID: 8486002988052885559, guid: fda78237abc83b5448d9ae1a6c016a1e, type: 3}
      propertyPath: m_Pivot.x
      value: 0.5
      objectReference: {fileID: 0}
    - target: {fileID: 8486002988052885559, guid: fda78237abc83b5448d9ae1a6c016a1e, type: 3}
      propertyPath: m_Pivot.y
      value: 0.5
      objectReference: {fileID: 0}
    - target: {fileID: 8486002988052885559, guid: fda78237abc83b5448d9ae1a6c016a1e, type: 3}
      propertyPath: m_RootOrder
      value: 9
      objectReference: {fileID: 0}
    - target: {fileID: 8486002988052885559, guid: fda78237abc83b5448d9ae1a6c016a1e, type: 3}
      propertyPath: m_AnchorMax.x
      value: 0.5
      objectReference: {fileID: 0}
    - target: {fileID: 8486002988052885559, guid: fda78237abc83b5448d9ae1a6c016a1e, type: 3}
      propertyPath: m_AnchorMax.y
      value: 0.5
      objectReference: {fileID: 0}
    - target: {fileID: 8486002988052885559, guid: fda78237abc83b5448d9ae1a6c016a1e, type: 3}
      propertyPath: m_AnchorMin.x
      value: 0.5
      objectReference: {fileID: 0}
    - target: {fileID: 8486002988052885559, guid: fda78237abc83b5448d9ae1a6c016a1e, type: 3}
      propertyPath: m_AnchorMin.y
      value: 0.5
      objectReference: {fileID: 0}
    - target: {fileID: 8486002988052885559, guid: fda78237abc83b5448d9ae1a6c016a1e, type: 3}
      propertyPath: m_SizeDelta.x
      value: 109.375
      objectReference: {fileID: 0}
    - target: {fileID: 8486002988052885559, guid: fda78237abc83b5448d9ae1a6c016a1e, type: 3}
      propertyPath: m_SizeDelta.y
      value: 243.75
      objectReference: {fileID: 0}
    - target: {fileID: 8486002988052885559, guid: fda78237abc83b5448d9ae1a6c016a1e, type: 3}
      propertyPath: m_LocalPosition.x
      value: 0
      objectReference: {fileID: 0}
    - target: {fileID: 8486002988052885559, guid: fda78237abc83b5448d9ae1a6c016a1e, type: 3}
      propertyPath: m_LocalPosition.y
      value: 0
      objectReference: {fileID: 0}
    - target: {fileID: 8486002988052885559, guid: fda78237abc83b5448d9ae1a6c016a1e, type: 3}
      propertyPath: m_LocalPosition.z
      value: 0
      objectReference: {fileID: 0}
    - target: {fileID: 8486002988052885559, guid: fda78237abc83b5448d9ae1a6c016a1e, type: 3}
      propertyPath: m_LocalRotation.w
      value: 0.7071068
      objectReference: {fileID: 0}
    - target: {fileID: 8486002988052885559, guid: fda78237abc83b5448d9ae1a6c016a1e, type: 3}
      propertyPath: m_LocalRotation.x
      value: 0
      objectReference: {fileID: 0}
    - target: {fileID: 8486002988052885559, guid: fda78237abc83b5448d9ae1a6c016a1e, type: 3}
      propertyPath: m_LocalRotation.y
      value: 0
      objectReference: {fileID: 0}
    - target: {fileID: 8486002988052885559, guid: fda78237abc83b5448d9ae1a6c016a1e, type: 3}
      propertyPath: m_LocalRotation.z
      value: 0.7071068
      objectReference: {fileID: 0}
    - target: {fileID: 8486002988052885559, guid: fda78237abc83b5448d9ae1a6c016a1e, type: 3}
      propertyPath: m_AnchoredPosition.x
      value: -157.39995
      objectReference: {fileID: 0}
    - target: {fileID: 8486002988052885559, guid: fda78237abc83b5448d9ae1a6c016a1e, type: 3}
      propertyPath: m_AnchoredPosition.y
      value: -20
      objectReference: {fileID: 0}
    - target: {fileID: 8486002988052885559, guid: fda78237abc83b5448d9ae1a6c016a1e, type: 3}
      propertyPath: m_LocalEulerAnglesHint.x
      value: 0
      objectReference: {fileID: 0}
    - target: {fileID: 8486002988052885559, guid: fda78237abc83b5448d9ae1a6c016a1e, type: 3}
      propertyPath: m_LocalEulerAnglesHint.y
      value: 0
      objectReference: {fileID: 0}
    - target: {fileID: 8486002988052885559, guid: fda78237abc83b5448d9ae1a6c016a1e, type: 3}
      propertyPath: m_LocalEulerAnglesHint.z
      value: 90
      objectReference: {fileID: 0}
    m_RemovedComponents: []
  m_SourcePrefab: {fileID: 100100000, guid: fda78237abc83b5448d9ae1a6c016a1e, type: 3}
--- !u!114 &1516558112791641902 stripped
MonoBehaviour:
  m_CorrespondingSourceObject: {fileID: 444831298018606961, guid: fda78237abc83b5448d9ae1a6c016a1e, type: 3}
  m_PrefabInstance: {fileID: 1380280876489850975}
  m_PrefabAsset: {fileID: 0}
  m_GameObject: {fileID: 0}
  m_Enabled: 1
  m_EditorHideFlags: 0
  m_Script: {fileID: 11500000, guid: f4aa45fb1b14708439b2c1049aca8706, type: 3}
  m_Name: 
  m_EditorClassIdentifier: 
--- !u!224 &7414025482443354216 stripped
RectTransform:
  m_CorrespondingSourceObject: {fileID: 8486002988052885559, guid: fda78237abc83b5448d9ae1a6c016a1e, type: 3}
  m_PrefabInstance: {fileID: 1380280876489850975}
  m_PrefabAsset: {fileID: 0}
--- !u!1001 &1558337737865195341
PrefabInstance:
  m_ObjectHideFlags: 0
  serializedVersion: 2
  m_Modification:
    m_TransformParent: {fileID: 8988556641134259533}
    m_Modifications:
    - target: {fileID: 444831298018606961, guid: fda78237abc83b5448d9ae1a6c016a1e, type: 3}
      propertyPath: areaInfo
      value: "L\u1ED1i \u0111i thung l\u0169ng M\u1EB7t Tr\u1EDDi"
      objectReference: {fileID: 0}
    - target: {fileID: 444831298018606961, guid: fda78237abc83b5448d9ae1a6c016a1e, type: 3}
      propertyPath: areaName
      value: "Khu v\u1EF1c 4"
      objectReference: {fileID: 0}
    - target: {fileID: 444831298018606961, guid: fda78237abc83b5448d9ae1a6c016a1e, type: 3}
      propertyPath: rectTransform
      value: 
      objectReference: {fileID: 6945682208766156666}
    - target: {fileID: 444831298018606961, guid: fda78237abc83b5448d9ae1a6c016a1e, type: 3}
      propertyPath: pathImages.Array.size
      value: 1
      objectReference: {fileID: 0}
    - target: {fileID: 444831298018606961, guid: fda78237abc83b5448d9ae1a6c016a1e, type: 3}
      propertyPath: pathImages.Array.data[0]
      value: 
      objectReference: {fileID: 8988556640119167061}
    - target: {fileID: 444831298018606961, guid: fda78237abc83b5448d9ae1a6c016a1e, type: 3}
      propertyPath: pathImages.Array.data[1]
      value: 
      objectReference: {fileID: 0}
    - target: {fileID: 444831298018606961, guid: fda78237abc83b5448d9ae1a6c016a1e, type: 3}
      propertyPath: pathImages.Array.data[2]
      value: 
      objectReference: {fileID: 0}
    - target: {fileID: 444831298018606961, guid: fda78237abc83b5448d9ae1a6c016a1e, type: 3}
      propertyPath: sceneTypes.Array.data[0]
      value: 104
      objectReference: {fileID: 0}
    - target: {fileID: 8486002988052885552, guid: fda78237abc83b5448d9ae1a6c016a1e, type: 3}
      propertyPath: m_Sprite
      value: 
      objectReference: {fileID: -730325927, guid: cae652c32ff14074fb1218065e7ed8e1, type: 3}
    - target: {fileID: 8486002988052885558, guid: fda78237abc83b5448d9ae1a6c016a1e, type: 3}
      propertyPath: m_Name
      value: MapAreaImage (3)
      objectReference: {fileID: 0}
    - target: {fileID: 8486002988052885559, guid: fda78237abc83b5448d9ae1a6c016a1e, type: 3}
      propertyPath: m_Pivot.x
      value: 0.5
      objectReference: {fileID: 0}
    - target: {fileID: 8486002988052885559, guid: fda78237abc83b5448d9ae1a6c016a1e, type: 3}
      propertyPath: m_Pivot.y
      value: 0.5
      objectReference: {fileID: 0}
    - target: {fileID: 8486002988052885559, guid: fda78237abc83b5448d9ae1a6c016a1e, type: 3}
      propertyPath: m_RootOrder
      value: 11
      objectReference: {fileID: 0}
    - target: {fileID: 8486002988052885559, guid: fda78237abc83b5448d9ae1a6c016a1e, type: 3}
      propertyPath: m_AnchorMax.x
      value: 0.5
      objectReference: {fileID: 0}
    - target: {fileID: 8486002988052885559, guid: fda78237abc83b5448d9ae1a6c016a1e, type: 3}
      propertyPath: m_AnchorMax.y
      value: 0.5
      objectReference: {fileID: 0}
    - target: {fileID: 8486002988052885559, guid: fda78237abc83b5448d9ae1a6c016a1e, type: 3}
      propertyPath: m_AnchorMin.x
      value: 0.5
      objectReference: {fileID: 0}
    - target: {fileID: 8486002988052885559, guid: fda78237abc83b5448d9ae1a6c016a1e, type: 3}
      propertyPath: m_AnchorMin.y
      value: 0.5
      objectReference: {fileID: 0}
    - target: {fileID: 8486002988052885559, guid: fda78237abc83b5448d9ae1a6c016a1e, type: 3}
      propertyPath: m_SizeDelta.x
      value: 109.38
      objectReference: {fileID: 0}
    - target: {fileID: 8486002988052885559, guid: fda78237abc83b5448d9ae1a6c016a1e, type: 3}
      propertyPath: m_SizeDelta.y
      value: 185.95
      objectReference: {fileID: 0}
    - target: {fileID: 8486002988052885559, guid: fda78237abc83b5448d9ae1a6c016a1e, type: 3}
      propertyPath: m_LocalPosition.x
      value: 0
      objectReference: {fileID: 0}
    - target: {fileID: 8486002988052885559, guid: fda78237abc83b5448d9ae1a6c016a1e, type: 3}
      propertyPath: m_LocalPosition.y
      value: 0
      objectReference: {fileID: 0}
    - target: {fileID: 8486002988052885559, guid: fda78237abc83b5448d9ae1a6c016a1e, type: 3}
      propertyPath: m_LocalPosition.z
      value: 0
      objectReference: {fileID: 0}
    - target: {fileID: 8486002988052885559, guid: fda78237abc83b5448d9ae1a6c016a1e, type: 3}
      propertyPath: m_LocalRotation.w
      value: 0.7071068
      objectReference: {fileID: 0}
    - target: {fileID: 8486002988052885559, guid: fda78237abc83b5448d9ae1a6c016a1e, type: 3}
      propertyPath: m_LocalRotation.x
      value: 0
      objectReference: {fileID: 0}
    - target: {fileID: 8486002988052885559, guid: fda78237abc83b5448d9ae1a6c016a1e, type: 3}
      propertyPath: m_LocalRotation.y
      value: 0
      objectReference: {fileID: 0}
    - target: {fileID: 8486002988052885559, guid: fda78237abc83b5448d9ae1a6c016a1e, type: 3}
      propertyPath: m_LocalRotation.z
      value: 0.7071068
      objectReference: {fileID: 0}
    - target: {fileID: 8486002988052885559, guid: fda78237abc83b5448d9ae1a6c016a1e, type: 3}
      propertyPath: m_AnchoredPosition.x
      value: 352
      objectReference: {fileID: 0}
    - target: {fileID: 8486002988052885559, guid: fda78237abc83b5448d9ae1a6c016a1e, type: 3}
      propertyPath: m_AnchoredPosition.y
      value: -20
      objectReference: {fileID: 0}
    - target: {fileID: 8486002988052885559, guid: fda78237abc83b5448d9ae1a6c016a1e, type: 3}
      propertyPath: m_LocalEulerAnglesHint.x
      value: 0
      objectReference: {fileID: 0}
    - target: {fileID: 8486002988052885559, guid: fda78237abc83b5448d9ae1a6c016a1e, type: 3}
      propertyPath: m_LocalEulerAnglesHint.y
      value: 0
      objectReference: {fileID: 0}
    - target: {fileID: 8486002988052885559, guid: fda78237abc83b5448d9ae1a6c016a1e, type: 3}
      propertyPath: m_LocalEulerAnglesHint.z
      value: 90
      objectReference: {fileID: 0}
    m_RemovedComponents: []
  m_SourcePrefab: {fileID: 100100000, guid: fda78237abc83b5448d9ae1a6c016a1e, type: 3}
--- !u!114 &1408509991447793724 stripped
MonoBehaviour:
  m_CorrespondingSourceObject: {fileID: 444831298018606961, guid: fda78237abc83b5448d9ae1a6c016a1e, type: 3}
  m_PrefabInstance: {fileID: 1558337737865195341}
  m_PrefabAsset: {fileID: 0}
  m_GameObject: {fileID: 0}
  m_Enabled: 1
  m_EditorHideFlags: 0
  m_Script: {fileID: 11500000, guid: f4aa45fb1b14708439b2c1049aca8706, type: 3}
  m_Name: 
  m_EditorClassIdentifier: 
--- !u!224 &6945682208766156666 stripped
RectTransform:
  m_CorrespondingSourceObject: {fileID: 8486002988052885559, guid: fda78237abc83b5448d9ae1a6c016a1e, type: 3}
  m_PrefabInstance: {fileID: 1558337737865195341}
  m_PrefabAsset: {fileID: 0}
--- !u!1001 &5256171263128748977
PrefabInstance:
  m_ObjectHideFlags: 0
  serializedVersion: 2
  m_Modification:
    m_TransformParent: {fileID: 8988556641134259533}
    m_Modifications:
    - target: {fileID: 444831298018606961, guid: fda78237abc83b5448d9ae1a6c016a1e, type: 3}
      propertyPath: areaInfo
      value: "V\xF9ng b\u1EB1ng ph\u1EB3ng hoang v\u1EAFng tr\xEAn ng\u1ECDn \u0111\u1ED3i"
      objectReference: {fileID: 0}
    - target: {fileID: 444831298018606961, guid: fda78237abc83b5448d9ae1a6c016a1e, type: 3}
      propertyPath: areaName
      value: "Khu v\u1EF1c 3"
      objectReference: {fileID: 0}
    - target: {fileID: 444831298018606961, guid: fda78237abc83b5448d9ae1a6c016a1e, type: 3}
      propertyPath: rectTransform
      value: 
      objectReference: {fileID: 4410709773766128518}
    - target: {fileID: 444831298018606961, guid: fda78237abc83b5448d9ae1a6c016a1e, type: 3}
      propertyPath: pathImages.Array.size
      value: 7
      objectReference: {fileID: 0}
    - target: {fileID: 444831298018606961, guid: fda78237abc83b5448d9ae1a6c016a1e, type: 3}
      propertyPath: sceneTypes.Array.size
      value: 2
      objectReference: {fileID: 0}
    - target: {fileID: 444831298018606961, guid: fda78237abc83b5448d9ae1a6c016a1e, type: 3}
      propertyPath: pathImages.Array.data[0]
      value: 
      objectReference: {fileID: 8988556641100559302}
    - target: {fileID: 444831298018606961, guid: fda78237abc83b5448d9ae1a6c016a1e, type: 3}
      propertyPath: pathImages.Array.data[1]
      value: 
      objectReference: {fileID: 8988556640119167061}
    - target: {fileID: 444831298018606961, guid: fda78237abc83b5448d9ae1a6c016a1e, type: 3}
      propertyPath: pathImages.Array.data[2]
      value: 
      objectReference: {fileID: 1380280876395391805}
    - target: {fileID: 444831298018606961, guid: fda78237abc83b5448d9ae1a6c016a1e, type: 3}
      propertyPath: pathImages.Array.data[3]
      value: 
      objectReference: {fileID: 1380280876471564591}
    - target: {fileID: 444831298018606961, guid: fda78237abc83b5448d9ae1a6c016a1e, type: 3}
      propertyPath: pathImages.Array.data[4]
      value: 
      objectReference: {fileID: 1380280874883119385}
    - target: {fileID: 444831298018606961, guid: fda78237abc83b5448d9ae1a6c016a1e, type: 3}
      propertyPath: pathImages.Array.data[5]
      value: 
      objectReference: {fileID: 1380280876020045077}
    - target: {fileID: 444831298018606961, guid: fda78237abc83b5448d9ae1a6c016a1e, type: 3}
      propertyPath: pathImages.Array.data[6]
      value: 
      objectReference: {fileID: 1380280874986860685}
    - target: {fileID: 444831298018606961, guid: fda78237abc83b5448d9ae1a6c016a1e, type: 3}
      propertyPath: sceneTypes.Array.data[0]
      value: 103
      objectReference: {fileID: 0}
    - target: {fileID: 444831298018606961, guid: fda78237abc83b5448d9ae1a6c016a1e, type: 3}
      propertyPath: sceneTypes.Array.data[1]
      value: 109
      objectReference: {fileID: 0}
    - target: {fileID: 8486002988052885552, guid: fda78237abc83b5448d9ae1a6c016a1e, type: 3}
      propertyPath: m_Sprite
      value: 
      objectReference: {fileID: -1213043361, guid: cae652c32ff14074fb1218065e7ed8e1, type: 3}
    - target: {fileID: 8486002988052885558, guid: fda78237abc83b5448d9ae1a6c016a1e, type: 3}
      propertyPath: m_Name
      value: MapAreaImage (2)
      objectReference: {fileID: 0}
    - target: {fileID: 8486002988052885559, guid: fda78237abc83b5448d9ae1a6c016a1e, type: 3}
      propertyPath: m_Pivot.x
      value: 0.5
      objectReference: {fileID: 0}
    - target: {fileID: 8486002988052885559, guid: fda78237abc83b5448d9ae1a6c016a1e, type: 3}
      propertyPath: m_Pivot.y
      value: 0.5
      objectReference: {fileID: 0}
    - target: {fileID: 8486002988052885559, guid: fda78237abc83b5448d9ae1a6c016a1e, type: 3}
      propertyPath: m_RootOrder
      value: 10
      objectReference: {fileID: 0}
    - target: {fileID: 8486002988052885559, guid: fda78237abc83b5448d9ae1a6c016a1e, type: 3}
      propertyPath: m_AnchorMax.x
      value: 0.5
      objectReference: {fileID: 0}
    - target: {fileID: 8486002988052885559, guid: fda78237abc83b5448d9ae1a6c016a1e, type: 3}
      propertyPath: m_AnchorMax.y
      value: 0.5
      objectReference: {fileID: 0}
    - target: {fileID: 8486002988052885559, guid: fda78237abc83b5448d9ae1a6c016a1e, type: 3}
      propertyPath: m_AnchorMin.x
      value: 0.5
      objectReference: {fileID: 0}
    - target: {fileID: 8486002988052885559, guid: fda78237abc83b5448d9ae1a6c016a1e, type: 3}
      propertyPath: m_AnchorMin.y
      value: 0.5
      objectReference: {fileID: 0}
    - target: {fileID: 8486002988052885559, guid: fda78237abc83b5448d9ae1a6c016a1e, type: 3}
      propertyPath: m_SizeDelta.x
      value: 206.25
      objectReference: {fileID: 0}
    - target: {fileID: 8486002988052885559, guid: fda78237abc83b5448d9ae1a6c016a1e, type: 3}
      propertyPath: m_SizeDelta.y
      value: 250
      objectReference: {fileID: 0}
    - target: {fileID: 8486002988052885559, guid: fda78237abc83b5448d9ae1a6c016a1e, type: 3}
      propertyPath: m_LocalPosition.x
      value: 0
      objectReference: {fileID: 0}
    - target: {fileID: 8486002988052885559, guid: fda78237abc83b5448d9ae1a6c016a1e, type: 3}
      propertyPath: m_LocalPosition.y
      value: 0
      objectReference: {fileID: 0}
    - target: {fileID: 8486002988052885559, guid: fda78237abc83b5448d9ae1a6c016a1e, type: 3}
      propertyPath: m_LocalPosition.z
      value: 0
      objectReference: {fileID: 0}
    - target: {fileID: 8486002988052885559, guid: fda78237abc83b5448d9ae1a6c016a1e, type: 3}
      propertyPath: m_LocalRotation.w
      value: 0.7071068
      objectReference: {fileID: 0}
    - target: {fileID: 8486002988052885559, guid: fda78237abc83b5448d9ae1a6c016a1e, type: 3}
      propertyPath: m_LocalRotation.x
      value: 0
      objectReference: {fileID: 0}
    - target: {fileID: 8486002988052885559, guid: fda78237abc83b5448d9ae1a6c016a1e, type: 3}
      propertyPath: m_LocalRotation.y
      value: 0
      objectReference: {fileID: 0}
    - target: {fileID: 8486002988052885559, guid: fda78237abc83b5448d9ae1a6c016a1e, type: 3}
      propertyPath: m_LocalRotation.z
      value: 0.7071068
      objectReference: {fileID: 0}
    - target: {fileID: 8486002988052885559, guid: fda78237abc83b5448d9ae1a6c016a1e, type: 3}
      propertyPath: m_AnchoredPosition.x
      value: 110
      objectReference: {fileID: 0}
    - target: {fileID: 8486002988052885559, guid: fda78237abc83b5448d9ae1a6c016a1e, type: 3}
      propertyPath: m_AnchoredPosition.y
      value: -23
      objectReference: {fileID: 0}
    - target: {fileID: 8486002988052885559, guid: fda78237abc83b5448d9ae1a6c016a1e, type: 3}
      propertyPath: m_LocalEulerAnglesHint.x
      value: 0
      objectReference: {fileID: 0}
    - target: {fileID: 8486002988052885559, guid: fda78237abc83b5448d9ae1a6c016a1e, type: 3}
      propertyPath: m_LocalEulerAnglesHint.y
      value: 0
      objectReference: {fileID: 0}
    - target: {fileID: 8486002988052885559, guid: fda78237abc83b5448d9ae1a6c016a1e, type: 3}
      propertyPath: m_LocalEulerAnglesHint.z
      value: 90
      objectReference: {fileID: 0}
    m_RemovedComponents: []
  m_SourcePrefab: {fileID: 100100000, guid: fda78237abc83b5448d9ae1a6c016a1e, type: 3}
--- !u!224 &4410709773766128518 stripped
RectTransform:
  m_CorrespondingSourceObject: {fileID: 8486002988052885559, guid: fda78237abc83b5448d9ae1a6c016a1e, type: 3}
  m_PrefabInstance: {fileID: 5256171263128748977}
  m_PrefabAsset: {fileID: 0}
--- !u!114 &5682962596533648576 stripped
MonoBehaviour:
  m_CorrespondingSourceObject: {fileID: 444831298018606961, guid: fda78237abc83b5448d9ae1a6c016a1e, type: 3}
  m_PrefabInstance: {fileID: 5256171263128748977}
  m_PrefabAsset: {fileID: 0}
  m_GameObject: {fileID: 0}
  m_Enabled: 1
  m_EditorHideFlags: 0
  m_Script: {fileID: 11500000, guid: f4aa45fb1b14708439b2c1049aca8706, type: 3}
  m_Name: 
  m_EditorClassIdentifier: 
